3414 5122
409 491 453 535 DE
473 489 705 535 communicer
726 488 979 534 Ancirlrucrvua
1000 491 1097 535 Auris
1118 490 1235 534 LVLLIl.
1357 474 1395 533 59

252 655 304 714 est
322 648 420 714 iuxta
439 648 649 735 theologiam
668 648 883 734 negativam,
904 648 1016 733 qualis
1036 656 1087 713 est
1110 648 1282 734 Dionysii.
1303 647 1391 714 Cum

252 773 360 859 igitur
378 773 544 840 'alicubi‘
561 774 689 839 dicitur
704 774 745 838 de
762 774 848 855 Deo,
864 773 1074 859 intelligitur
1088 773 1275 839 secundum
1292 773 1392 839 valde

253 897 479 982 aequivocum
498 900 540 981 (si
564 899 772 965 coucedatur
795 898 1020 983 aequivocum
1045 897 1128 983 quid
1151 897 1262 984 magis
1286 903 1391 984 atque

253 1022 367 1088 minus
402 1023 484 1106 dici)
515 1023 697 1089 ‘ubitatis'
726 1023 864 1089 modum
894 1022 1014 1110 accipi.
1051 1022 1393 1110 Superamplificatur

208 1156 229 1220 5
252 1169 389 1234 quoque
407 1148 491 1213 haec
511 1148 665 1234 quaestio
685 1149 702 1212 Ι
721 1148 814 1234 apud
833 1148 987 1214 Lullium
1002 1171 1064 1236 per
1080 1149 1209 1235 species
1225 1148 1393 1234 quaestio·

250 1295 335 1339 num
354 1272 380 1338 O
400 1274 432 1338 D
453 1280 487 1339 et
506 1274 561 1355 K3
587 1279 671 1339 tunc
689 1274 783 1339 emm
813 1273 1025 1358 aliquidem,
1045 1274 1183 1361 quando
1212 1281 1264 1339 est
1291 1296 1391 1341 suum

250 1398 461 1486 principium
491 1399 724 1485 quidditative
759 1399 1037 1484 constitutivum,
1069 1409 1153 1466 tunc
1180 1400 1279 1482 item,
1312 1422 1390 1466 curn

250 1530 302 1589 est
336 1546 435 1590 suum
470 1524 570 1593 'cum
605 1527 705 1612 quo’,
739 1534 778 1593 nt
812 1527 917 1592 etia-m
951 1525 1124 1592 modicum
1158 1525 1391 1592 consideranti

251 1654 359 1736 patet.

184 1861 228 1926 10
409 1892 437 1933 Κ.
454 1894 488 1933 Da
503 1894 679 1943 amplificatione
693 1899 714 1934 ei
729 1893 918 1945 multiplicatione
932 1895 1072 1943 quaestionis
1088 1894 1217 1941 ‘Quomodo
1229 1897 1243 1933 ¹.

338 2075 502 2154 Quaestio
529 2075 744 2154 ‘Quomodo’
765 2078 996 2165 amplificatur
1014 2100 1077 2164 per
1104 2100 1222 2143 omnes
1255 2078 1386 2160 modos,

250 2201 376 2287 quibus
395 2201 580 2267 secundum
600 2202 741 2288 propria
759 2203 814 2267 vel
835 2203 1058 2290 appropriata
1081 2226 1135 2268 res
1155 2202 1270 2289 aliquo
1291 2203 1393 2268 modo

250 2348 285 2392 se
302 2326 429 2391 habere
448 2326 576 2392 dicitur
595 2326 632 2391 in
659 2350 695 2391 se
713 2328 768 2393 vel
788 2328 825 2392 iu
849 2329 931 2411 alio,
952 2327 1094 2394 essendo
1118 2328 1175 2393 vel
1198 2328 1388 2414 operandO,

247 2474 310 2539 per
328 2450 524 2517 modificare
544 2459 578 2516 et
607 2452 812 2534 modificari,
832 2475 937 2539 penes
967 2453 1118 2519 activam
1136 2452 1192 2518 vel
1215 2453 1389 2540 passivam
1415 2536 1523 2601 280

182 2576 225 2641 15
246 2576 456 2642 facultatem.
470 2577 564 2642 Haec
576 2600 657 2642 saue
671 2577 839 2663 quaestio,
853 2578 941 2643 sicut
957 2578 968 2655 ll
982 2585 1017 2643 et
1033 2578 1129 2660 aliae,
1143 2576 1277 2658 omlnia
1289 2578 1389 2644 modo
1414 2627 1506 2690 39v

247 2722 308 2767 suo
327 2702 524 2788 perlustrat.
544 2701 604 2766 Nil
623 2702 716 2768 euim
735 2703 880 2790 impedit
898 2709 1033 2768 nostros
1046 2703 1237 2790 theologos,
1260 2704 1390 2791 quomi-

247 2848 312 2892 nus
351 2833 535 2912 quaeraut,
577 2828 747 2912 quomodo
779 2828 872 2894 Deus
903 2827 1022 2893 differt
1048 2829 1092 2894 ab
1123 2828 1201 2894 aliis
1231 2829 1389 2911 entibus,

246 2954 351 3021 immo
369 2955 412 3021 ab
432 2955 584 3040 entibus,
605 2963 640 3020 et
663 2956 833 3042 quomodo
852 2956 1022 3043 intelligit
1042 2979 1077 3022 se
1097 2955 1211 3042 ipsum
1234 2964 1269 3022 et
1288 2957 1390 3023 intel-

246 3081 386 3169 ligendo
422 3082 591 3170 producit.
625 3083 717 3161 Quas
745 3082 962 3170 quaestiones
996 3082 1255 3169 subsequuntur
1285 3083 1387 3169 aliae,

178 3202 225 3269 20
248 3229 333 3293 quas
351 3230 415 3283 uec
438 3208 506 3295 ipsi
525 3208 729 3295 intelligunt
755 3231 818 3274 nec
837 3209 910 3291 alii,
932 3208 1021 3274 sicut
1049 3215 1083 3273 et
1107 3208 1200 3295 apud
1224 3208 1317 3296 ipsos
1337 3216 1389 3275 est

247 3331 449 3399 confessum.
466 3333 606 3399 Certum
623 3341 740 3398 tamen
754 3342 819 3415 est,
838 3334 930 3419 quod
946 3356 1023 3399 cunr
1039 3333 1153 3420 ipsum
1172 3332 1388 3412 'Quomodo’

247 3457 444 3545 applicatur
463 3458 507 3524 ad
525 3458 677 3546 primum
696 3458 903 3542 subiectum,
923 3458 966 3524 ad
985 3459 1117 3525 nullam
1136 3458 1256 3524 reduci
1274 3465 1390 3545 potest

244 3584 592 3671 praedicamentalem
612 3584 795 3665 rationem,
816 3592 1057 3671 praeterquam
1083 3584 1270 3650 secundum
1289 3582 1390 3649 valde

180 3780 192 3795 .
244 3720 412 3776 remotam
443 3710 525 3793 (imo
554 3710 768 3795 dissimilem,
798 3710 827 3775 si
857 3710 907 3775 ita
936 3732 990 3775 me
1020 3710 1132 3775 dicere
1165 3709 1389 3796 permittunt)

171 3837 222 3912 ,25
247 3835 520 3903 similitudinem.

332 3960 426 4028 Hinc
449 3962 565 4029 videre
585 3963 678 4045 licet,
704 3942 991 4048 quemadmodum
1010 3962 1111 4028 huius
1144 3960 1321 4027 facultatis
1340 3961 1389 4025 la·

244 4086 359 4154 titudo
378 4088 619 4175 complectitur
639 4088 903 4175 amplitudinem
924 4088 1052 4173 logices
1071 4096 1105 4152 et
1125 4086 1388 4173 metaphysices.

338 4390 528 4459 lDioniaiJ'P
590 4390 806 4458 Baequinocum
821 4390 973 4443 insecenda
987 4391 1058 4441 colia
1072 4390 1097 4439 P
1162 4391 1387 4457 17qnomodoP

245 4470 399 4525 differatG
447 4474 543 4523 luero
559 4471 703 4534 intelligat
719 4488 732 4521 e
749 4474 931 4537 prodeunti}
981 4476 1010 4524 19
1027 4473 1203 4538 subsequiur
1216 4472 1242 4521 P
1289 4472 1320 4521 24
1339 4471 1386 4521 im·

243 4552 333 4605 mod
395 4553 665 4619 fflmathaphisiccs
679 4551 704 4600 P
