3414 5122
386 445 430 489 DE
450 445 681 492 colfl’uunlosa
701 446 955 491 rinculuncrvun
979 447 1075 492 nuris
1096 447 1213 493 LVLLIl.
1352 434 1371 491 9

230 599 401 689 simplicia
429 612 676 670 enumerantur
695 611 729 669 et
748 604 1025 670 determinantur
1045 606 1238 689 clementa),
1261 607 1372 672 inten-

229 727 342 794 tiones
360 751 475 794 rerum
494 730 667 817 simplices
687 731 785 815 quasi
806 731 1013 796 solidissima
1033 731 1115 798 iacit
1134 731 1371 799 fundamenta.

230 850 386 919 Secundo
415 855 525 920 veluti
543 856 750 942 syllabicum
774 857 1047 923 combinationes
1072 857 1307 924 intentionum
1326 859 1374 924 cf·

229 978 374 1046 ficiendo
398 981 603 1068 compingit,
623 980 727 1066 idque
743 988 819 1047 tum
843 983 880 1048 in
903 983 1016 1070 prima
1034 983 1160 1069 figura,
1181 983 1242 1050 ubi
1258 991 1374 1051 exten·

185 1109 206 1174 b
229 1106 275 1172 tis
291 1107 558 1192 circumquaque
574 1106 674 1172 lineis
694 1106 930 1174 absolutorum
944 1108 1222 1196 praedicatorum
1234 1111 1373 1197 singula

230 1240 265 1298 et
284 1255 345 1319 per
362 1231 502 1298 modum
527 1232 693 1298 abstracti
712 1240 747 1298 ct
770 1255 832 1319 per
855 1233 994 1299 modum
1014 1234 1165 1300 concreti
1189 1235 1233 1300 ad
1257 1236 1373 1302 omnia

230 1357 357 1424 referre
376 1366 410 1423 et
434 1381 512 1424 cnm
538 1358 698 1424 omnibus
728 1380 931 1446 componere
958 1359 1135 1446 perdocet;
1157 1367 1232 1426 tum
1261 1361 1298 1426 in
1326 1384 1375 1427 se·

232 1483 344 1550 cunda
362 1484 486 1570 figura,
507 1484 544 1548 in
563 1507 631 1570 qua
649 1484 848 1570 praedicata
868 1485 1059 1572 respectiva
1080 1507 1157 1551 cum
1177 1485 1372 1551 eorumdem

231 1610 338 1692 scala,
358 1631 427 1676 uon
447 1610 561 1676 minus
582 1610 625 1674 ad
645 1610 806 1693 invicem,
828 1633 933 1696 quam
952 1617 985 1675 ct
1003 1610 1046 1675 ad
1065 1611 1223 1677 absoluta
1241 1609 1376 1698 praedi-

165 1745 208 1808 10
231 1742 309 1801 cata
324 1735 504 1802 referenda
528 1742 784 1801 commonstrat.
803 1735 920 1801 Tertio
944 1736 1190 1822 expressiorem
1215 1736 1252 1800 in
1271 1736 1374 1801 tertia

232 1862 343 1947 figura
367 1861 679 1944 combinationum,
701 1884 789 1946 quam
813 1884 854 1925 ex
879 1860 1058 1946 utriusque
1081 1861 1217 1947 generis
1240 1861 1375 1948 praedi-

232 1986 318 2052 catis
349 1987 514 2052 constitui
542 1992 707 2073 possunt,
737 2008 893 2051 normam
919 1994 1023 2071 atque
1053 1986 1267 2052 differentias
1295 1987 1376 2052 insi-

231 2119 326 2178 nuat.
356 2111 427 2179 Ubi
446 2111 518 2177 fere
544 2111 713 2198 quomodo
733 2134 774 2176 ex
800 2111 1033 2177 intentionum
1052 2112 1196 2197 syllabis
1219 2112 1376 2197 integrae

232 2238 425 2305 conflentur
455 2237 635 2321 dictiones,
664 2238 784 2324 aperit.
809 2237 864 2301 Ibi
893 2237 1062 2322 quomodo
1087 2236 1187 2302 omni·
1205 2238 1375 2323 quaestio·

168 2366 208 2432 11)
231 2386 315 2430 num
334 2386 460 2450 genere
476 2362 948 2450 formanturpropositiones,
968 2363 1005 2428 in
1022 2363 1147 2448 quibus
1166 2362 1208 2428 de
1221 2362 1375 2430 subiecto

233 2489 388 2575 quolibet
405 2488 583 2575 quodlibet
598 2488 812 2570 absolutum,
832 2488 1063 2575 respectivum
1085 2487 1201 2554 velex
1222 2488 1265 2554 iis
1290 2511 1376 2554 com·

232 2614 385 2703 positum
415 2613 579 2679 affirmari
614 2613 816 2699 negarique,
845 2612 988 2691 formari
1017 2612 1253 2699 infirmarique
1284 2618 1287 2699 l
1318 2638 1375 2701 po
1400 2629 1453 2690 5v

233 2747 315 2825 test,
328 2741 429 2828 ponit
445 2740 488 2806 ob
504 2739 627 2806 oculos.
647 2739 751 2804 Hunc
768 2737 805 2803 in
823 2738 961 2805 modum
976 2738 1165 2826 perfectam
1180 2738 1376 2823 inquisitio·

233 2866 288 2932 nis
304 2866 523 2954 disciplinam
543 2863 712 2951 complere
732 2863 878 2929 videtur.

559 3150 586 3193 Q.
602 3147 843 3187 1111111111100111110
858 3152 942 3197 partes.
959 3146 1012 3196 Cap.
1028 3150 1048 3187 o.
1405 3139 1503 3202 241

323 3353 480 3420 Secunda
500 3353 537 3418 in
549 3360 679 3439 septem
700 3352 890 3416 dissecatur
904 3359 1033 3437 partes,
1054 3352 1092 3417 in
1117 3353 1242 3438 quibus
1267 3353 1377 3420 veluti

233 3481 274 3546 de
298 3479 524 3559 orationibus
544 3485 624 3565 post
647 3477 905 3559 dictionarium,
926 3477 1132 3563 syllabicam
1157 3485 1191 3543 ct
1215 3478 1378 3565 alphabe-

233 3611 308 3672 tum
341 3605 513 3692 exposita,
548 3602 758 3668 sufficienter
791 3602 975 3668 educendis
1010 3602 1162 3668 instruit.
1198 3603 1246 3669 Iis
1285 3604 1378 3670 enim

234 3731 396 3818 peractis,
425 3752 512 3816 quae
531 3727 574 3794 ad
594 3728 785 3815 simplicem
813 3729 1074 3815 conceptionem
1100 3729 1378 3816 simpliciumque

168 3871 212 3936 25
234 3856 382 3944 primam
413 3854 665 3938 secundamque
689 3852 972 3940 compositionem
995 3854 1142 3937 iaciunt,
1165 3856 1207 3920 ad
1234 3878 1315 3920 vero
1331 3855 1380 3920 af·

234 3981 441 4048 firmandum
460 3988 564 4065 atquc
588 3979 799 4064 negandum,
825 3979 915 4043 etin
936 3979 1061 4063 quibus
1086 3978 1129 4044 ed
1148 4002 1249 4045 omne
1268 4002 1378 4064 genus

232 4106 486 4195 problematum
509 4104 680 4192 implicita
711 4103 908 4170 continet-m·
943 4111 1227 4189 argumentorum
1262 4105 1377 4190 copia,

328 4347 350 4398 l.
361 4348 377 4397 5
395 4346 537 4396 extenctis
548 4343 607 4407 (110)
618 4345 656 4395 P:
667 4346 797 4394 extensis
809 4344 831 4394 (1
896 4344 911 4392 9
929 4344 1026 4393 sclicla
1035 4343 1060 4392 P
1132 4344 1162 4392 11
1179 4341 1274 4408 aperit
1284 4379 1289 4405 ,
1299 4342 1340 4391 ibi
1355 4340 1379 4391 θ

230 4426 476 4478 151011011110
525 4425 760 4487 17J'orscsnmari
809 4421 1198 4491 17.18p0testP:possltG
1246 4423 1379 4489 ‘23cxpo-

235 4508 292 4558 sita
305 4506 482 4559 sufficienter
494 4505 519 4555 I’
582 4506 614 4556 27
631 4507 816 4558 contincatur
832 4505 857 4557 G

368 4603 444 4645 Bubul
461 4603 516 4654 Opp.
533 4604 572 4643 lut.
588 4601 624 4652 11,
640 4605 661 4642 2.
1208 4599 1221 4637 1
