3414 5122
548 407 591 450 ua
611 405 768 451 ueneror
790 406 1049 452 coumuaronu.
1313 388 1371 447 277

228 565 346 650 itaque
376 565 536 652 deinceps
565 587 627 651 pro
657 572 762 652 captu
788 548 844 630 rei
862 564 1062 651 propriique
1093 563 1226 650 ingenii
1258 585 1368 649 usque

228 690 272 755 ad
293 691 607 776 generalissimum,
629 691 720 776 quod
743 699 795 755 θεῖ
814 688 1026 771 differentia,
1057 688 1149 754 ultra
1178 686 1270 773 quod
1299 709 1369 752 non

228 824 279 882 est
306 817 470 903 possibile
492 817 665 905 progredi.
695 816 790 882 Idem
809 816 851 881 de
870 815 1033 881 descensu
1064 813 1139 879 vioe
1158 836 1260 880 versa
1284 812 1372 877 iudi-

230 944 318 1010 cium
340 952 401 1010 est.

185 1083 205 1144 5
317 1069 524 1135 Verificatur
557 1069 663 1135 etiam
695 1068 877 1133 descensus
911 1065 1107 1132 huiusmodi
1141 1067 1180 1131 in
1212 1064 1371 1130 terminis

229 1194 410 1260 titulorum
430 1195 491 1280 qui
510 1196 646 1261 suntin
666 1194 817 1281 angulis,
838 1193 920 1277 quia
936 1215 956 1257 a
975 1190 1171 1256 differentia
1186 1214 1274 1276 quae
1295 1191 1299 1278 Ι
1320 1197 1372 1256 θεῖ
1399 1179 1504 1242 663

228 1320 321 1386 inter
339 1320 501 1387 sensibile
521 1328 556 1385 et
578 1319 818 1406 intelligibile,
838 1318 1055 1406 procedimus
1074 1318 1118 1383 ad
1137 1316 1371 1382 differentiam

230 1469 318 1531 quae
336 1453 388 1511 est
406 1447 498 1512 inter
517 1446 678 1534 angelum
699 1452 734 1511 et
751 1446 940 1530 hominem,
960 1445 1041 1510 inde
1061 1444 1105 1511 ad
1124 1467 1198 1510 eam
1219 1451 1373 1530 quaeest

230 1573 321 1638 inter
345 1573 530 1639 Cherubim
551 1581 590 1675 ¹,et
613 1571 873 1661 philosophum,
898 1570 979 1636 inde
1008 1571 1051 1636 ad
1082 1571 1172 1636 hanc
1203 1594 1291 1655 quae
1321 1579 1373 1636 est

167 1703 207 1764 10
230 1699 321 1804 inter
340 1699 492 1765 Lullium
515 1701 519 1787 Ι
540 1707 575 1765 θῖ
591 1722 700 1765 unum
718 1722 760 1763 ex
784 1698 840 1780 iis3
873 1698 921 1763 sic
950 1721 969 1763 a
993 1698 1190 1763 differentia
1210 1721 1297 1783 quae
1321 1705 1374 1762 est
1396 1692 1426 1752 d
1442 1691 1493 1752 ὃν

230 1825 321 1888 inter
337 1824 499 1890 sensibile
519 1833 553 1889 et
572 1823 745 1906 sensibile,
767 1823 810 1888 ad
834 1847 909 1888 eam
929 1846 1017 1909 quae
1036 1831 1087 1889 est
1106 1823 1198 1889 inter
1215 1823 1372 1909 plantam

230 1956 264 2012 et
284 1948 426 2025 animal,¹
447 1972 523 2014 eam
543 1972 632 2035 quae
648 1957 700 2014 est
716 1948 807 2013 inter
824 1948 953 2034 piscem
969 1956 1003 2013 et
1019 1948 1174 2029 herbam,
1191 1971 1267 2013 eam
1283 1970 1372 2033 quae

229 2074 320 2141 inter
350 2075 551 2162 delphinum
581 2086 616 2142 et
643 2075 757 2160 vitim,
783 2075 826 2141 ad
849 2076 938 2142 hauc
962 2096 1050 2162 quae
1073 2077 1165 2141 inter
1188 2076 1279 2142 huiic
1303 2076 1372 2141 del-

227 2202 373 2289 phinum
393 2209 427 2268 et
444 2205 533 2269 hanc
553 2204 662 2269 vitim.
679 2204 776 2269 Idem
794 2204 836 2269 de
856 2203 1001 2269 aliorum
1021 2204 1202 2270 titulorum
1222 2227 1369 2269 ascensu

165 2331 206 2394 15
230 2327 461 2416 descensuque
476 2331 653 2398 iudicium.

713 2629 742 2668 ll.
758 2629 892 2670 Membrum.

318 2863 482 2929 Latitudo
513 2884 648 2959 quoque
683 2863 873 2950 praesentis
907 2864 1018 2929 scalae
1051 2864 1094 2930 ad
1129 2865 1367 2952 praecedentis

230 2989 359 3074 figurae
388 2988 652 3054 similitudinem
682 2989 830 3075 oapitur;
851 2991 979 3056 etenim
1008 2999 1206 3078 praesentes
1226 2991 1369 3055 termini

229 3138 300 3181 non
312 3121 413 3196 arcte,
426 3114 485 3179 sed
498 3115 594 3179 iuxta
608 3115 854 3202 amplissimam
867 3117 1053 3203 capiuntur
1068 3117 1370 3203 significationem.

163 3246 207 3308 20
229 3242 309 3308 Non
327 3244 419 3308 enim
438 3240 653 3308 differentiae
671 3243 811 3307 nomine
827 3243 1055 3329 intelligimus
1074 3246 1189 3332 ipsum
1208 3268 1277 3330 quo
1293 3268 1372 3332 pro-

230 3371 401 3458 priissime
429 3368 562 3453 aliquid
587 3368 630 3433 ab
657 3368 773 3453 aliquo
790 3368 929 3434 differre
954 3370 1096 3454 dicitur,
1124 3381 1244 3458 utpote
1274 3372 1365 3458 quod

230 3520 339 3583 genus
358 3496 515 3561 dividens
539 3495 727 3581 specierum
752 3503 803 3560 θεῖ
833 3496 1062 3562 essentialiter
1082 3497 1370 3580 constitutivum

231 3622 289 3689 sed
309 3631 361 3689 est
377 3623 488 3689 omnis
512 3644 599 3706 quae
618 3621 770 3708 proprie,
791 3622 903 3688 omnis
927 3645 1014 3709 quae
1038 3624 1266 3690 communiter
1290 3625 1374 3690 dici-

231 3759 297 3816 tur.
318 3751 395 3816 Huc
415 3749 546 3815 accedit
565 3748 699 3829 alietate,
719 3748 914 3832 diversitas,
936 3749 1121 3836 disparitas
1145 3759 1180 3815 et
1204 3751 1373 3836 quidquid

164 3876 208 3939 25
231 3877 275 3943 ad
295 3877 429 3964 copiam
447 3875 734 3942 considerationis
755 3884 789 3940 et
808 3876 1020 3942 inventionis
1044 3876 1106 3942 sub
1136 3876 1202 3942 ista
1223 3877 1375 3943 dictione

231 4005 380 4091 spectari
410 4011 533 4091 potest.
567 4003 688 4068 Simile
718 4001 759 4066 de
790 4001 1035 4068 concordantia
1069 4002 1251 4084 iudicium,
1287 4026 1375 4089 quae

232 4152 368 4195 omnem
400 4129 690 4212 convenientiam,
716 4129 992 4213 consistentiam,
1009 4129 1191 4224 unionem,
1211 4130 1375 4198 identita-

238 4303 379 4311 ——.-.

326 4382 355 4430 18
369 4386 399 4430 et
413 4381 507 4443 sitim,
524 4381 559 4431 ad
571 4377 630 4430 noi:
643 4380 725 4431 vitim
740 4385 769 4430 et
781 4380 816 4430 ad
829 4379 869 4430 P:
885 4387 940 4438 (et)
957 4382 1038 4431 vitim
1056 4388 1086 4432 et
1101 4383 1137 4432 ad
1154 4381 1206 4433 Aa
1271 4386 1303 4435 19
1318 4401 1375 4438 em-

232 4460 417 4528 plisissimam
432 4459 456 4511 G
