3414 5122
247 375 307 432 238
686 389 824 431 ioanani
847 389 948 431 11111111

246 546 479 611 luxuriantem
499 538 798 631 suspirantemque
817 544 958 630 nuptias
977 567 1012 608 se
1031 544 1208 630 praehere,
1230 566 1293 608 nec
1313 551 1390 608 tan·

248 692 351 753 quam
379 692 441 756 pro
469 669 641 756 gravitate
670 670 873 752 verendum,
904 669 962 735 sed
992 693 1054 756 pro
1084 677 1267 734 venustate
1297 691 1391 734 com·
1453 671 1458 682 ’

248 794 482 880 plectendum,
502 794 706 860 basiandum
726 806 761 859 et
780 795 944 860 suaviolis
963 794 1215 881 excipiendum.

337 920 429 985 Num
447 920 503 984 1110
519 919 584 984 tibi
602 920 780 1007 quippiam
793 930 852 985 tua
865 920 1076 1007 professione
1088 919 1248 1005 dignum,
1261 920 1391 984 Doctor

204 1045 225 1107 ἴ)
248 1045 417 1109 excellens
440 1045 482 1109 D.
508 1044 646 1127 Strubi,
676 1045 809 1130 quiite
839 1046 1083 1111 astronomiam
1114 1068 1192 1110 cum
1221 1044 1392 1109 medicina

248 1169 443 1252 coniungis,
473 1177 512 1234 ut
540 1171 638 1235 iuxta
669 1170 809 1235 modum
836 1170 983 1257 peritiae
1014 1179 1201 1254 astrorum,
1233 1178 1391 1235 motuum

248 1296 445 1361 coelestium
465 1304 500 1360 et
518 1296 684 1383 temporis
703 1296 997 1381 vicissitudinum,
1017 1319 1127 1382 neque
1143 1319 1206 1383 pro
1223 1296 1391 1362 subiecto

247 1444 324 1486 rum
348 1421 516 1486 varietate
537 1422 671 1487 varium
702 1429 736 1485 te
758 1421 761 1507 Ι
782 1420 882 1487 fallat
910 1422 1196 1508 experimentum,
1221 1445 1332 1506 neque
1357 1427 1391 1486 te
1416 1430 1463 1508 (a
1485 1429 1554 1508 2‘)

247 1549 528 1636 praevenientem
547 1548 679 1614 occasio
698 1571 862 1635 praeceps
881 1548 1081 1630 frustretur,
1102 1570 1213 1632 neque
1238 1557 1272 1612 te
1296 1549 1393 1612 sedu-

185 1679 226 1740 10
248 1675 320 1741 lum
341 1675 444 1741 breve
461 1674 571 1762 possit
590 1697 770 1762 perperam
789 1674 940 1762 effugere
958 1676 1116 1761 tempus?
1137 1676 1192 1739 An
1212 1696 1293 1739 vero
1314 1674 1392 1756 tibi,

247 1801 520 1888 praeclarissime
544 1802 586 1865 D.
607 1800 648 1863 D.
669 1800 784 1883 State,
805 1801 865 1865 ubi
885 1802 1129 1887 gravissimum
1152 1800 1394 1887 philosophiae

248 1926 414 1992 iudicium
444 1950 522 1992 cum
550 1926 794 2013 probatissima
828 1928 1018 1992 medicinae
1046 1927 1171 2014 peritia
1203 1926 1389 2014 copulasti,

249 2053 309 2118 ubi
333 2053 437 2117 finem
464 2052 657 2118 studiorum
685 2059 823 2118 tuorum
850 2061 922 2117 tam
947 2052 1095 2118 feliciter
1123 2059 1328 2137 assequutus
1357 2060 1392 2115 et

249 2182 374 2248 mentis
392 2181 656 2247 erudiendorum
675 2182 842 2246 formator
864 2189 899 2245 et
919 2181 1070 2267 corporis
1090 2180 1321 2245 curandorum
1341 2203 1391 2244 re-

186 2304 225 2367 11)
247 2309 415 2374 formator
439 2307 590 2394 optimus
608 2306 839 2373 existimaris?
860 2307 938 2372 Non
961 2315 1026 2389 est,
1050 2330 1069 2372 o
1093 2306 1201 2372 Musis
1229 2306 1390 2372 omnibus

249 2436 474 2522 circumsepto
493 2436 600 2500 Poeta
620 2436 662 2500 D.
680 2436 721 2499 D.
748 2435 871 2516 Maior,
892 2434 983 2519 quod
1009 2433 1053 2498 ad
1076 2433 1138 2498 has
1161 2456 1261 2500 voces
1287 2441 1391 2517 atque

248 2563 416 2629 dictiones
451 2561 604 2627 Pierides
637 2563 724 2628 istae
753 2569 851 2646 tuae,
885 2584 970 2647 quas
1005 2584 1023 2625 e
1057 2561 1195 2626 disertis
1228 2560 1389 2647 Pegaseis

248 2689 404 2756 fontibus
426 2688 429 2776 1
452 2686 713 2774 Parnassiisque
735 2687 826 2774 iugis
845 2687 889 2752 ad
912 2689 1022 2752 cultos
1042 2687 1231 2752 Leucoroos
1250 2709 1388 2773 campos
1416 2700 1515 2762 631

249 2815 417 2900 Albisque
451 2814 604 2880 fluminis
638 2813 731 2900 ripas
760 2814 917 2896 allexisse
952 2821 986 2878 et
1024 2813 1206 2878 attraxisse
1238 2813 1391 2894 videris,

183 2937 228 3000 ‘20
250 2949 505 3007 convertantur.
537 2940 616 3006 Tibi
645 2964 738 3022 vere,
760 2941 909 3028 egregie,
941 2941 1124 3028 magnifice
1154 2948 1258 3027 atque
1289 2941 1388 3006 docte

250 3067 478 3154 philosophici
509 3065 645 3152 collegii
677 3067 812 3131 Decane
837 3067 878 3145 D.
899 3067 943 3130 M.
970 3065 1198 3152 Gronebergi,
1224 3067 1308 3153 quid
1337 3067 1393 3131 1110

251 3217 426 3260 occurrere
454 3202 585 3280 posset,
608 3193 700 3279 quod
719 3194 822 3279 digne
841 3195 884 3259 ab
904 3195 959 3276 iis,
978 3217 1064 3280 quae
1084 3206 1118 3260 te
1138 3197 1249 3282 magis
1270 3219 1393 3282 aggra-

252 3329 350 3405 vant,
381 3320 665 3408 occupationibus
694 3320 816 3386 debeat
836 3321 1023 3386 abducere?
1044 3322 1176 3387 Forsan
1207 3347 1285 3388 cnm
1314 3324 1393 3388 Ari-

251 3456 349 3514 stone
379 3447 464 3513 Ohio
494 3447 702 3533 Cynicorum
732 3447 928 3533 complexus
959 3447 1179 3530 sententiam,
1201 3448 1264 3513 hoc
1289 3472 1396 3536 opus,

185 3577 227 3638 ‘25
251 3582 291 3638 ut
320 3580 354 3637 et
380 3573 524 3660 physica
547 3581 581 3637 et
605 3573 716 3658 logica
748 3579 782 3636 et
806 3572 841 3636 id
864 3596 973 3658 genus
998 3574 1083 3655 alia,
1110 3581 1287 3659 tamquam
1312 3575 1390 3640 telis
1417 3585 1463 3663 (a
1484 3586 1554 3666 21)

253 3720 456 3763 aranearum
475 3697 603 3763 similia
623 3704 723 3784 (quae
742 3721 819 3763 cum
838 3699 1027 3784 plurimum
1057 3698 1209 3764 habeant
1238 3700 1392 3783 artificii,

252 3822 481 3888 substantiam
501 3822 652 3910 corporis
671 3822 901 3888 studiosorum
933 3824 1171 3889 exenterantia
1203 3832 1237 3890 et
1269 3825 1393 3890 evisce-

252 3949 379 4032 rantia,
399 3948 580 4014 minimum
600 3949 740 4014 tandem
759 3957 810 4013 est
829 3948 993 4013 utilitatis
1014 3950 1105 4033 qnod
1124 3949 1296 4031 adferant)
1316 3974 1393 4015 con-

253 4083 398 4160 temnes,
436 4075 644 4160 interimque
681 4098 759 4140 curn
796 4075 1010 4162 philosophis
1048 4075 1244 4142 istiusmodi
1282 4077 1393 4162 magis

187 4212 231 4274 30
253 4224 368 4266 amore
397 4200 600 4284 ethicorum,
630 4201 850 4288 politicorum
881 4208 914 4264 et
945 4203 1241 4267 oeconomicorum
1261 4203 1395 4289 capiere

603 4375 611 4379 .
650 4374 764 4381 -,-,,-
811 4375 885 4379 --...
896 4375 911 4378 .-
1057 4375 1061 4379 .
1079 4376 1082 4378 .
1100 4376 1132 4380 .,-
1195 4377 1197 4380 4
1233 4376 1260 4380 .-.
1273 4376 1302 4380 ,μ
1321 4376 1352 4381 .-
1365 4375 1388 4381 --

349 4461 740 4528 131001101101000001110οΡ
802 4461 1027 4526 25tanquamG
1090 4460 1348 4511 sontupolial'
