<?xml version="1.0" encoding="UTF-8"?>
<!DOCTYPE html PUBLIC "-//W3C//DTD XHTML 1.0 Transitional//EN"
    "http://www.w3.org/TR/xhtml1/DTD/xhtml1-transitional.dtd">
<html xmlns="http://www.w3.org/1999/xhtml" xml:lang="en" lang="en">
 <head>
  <title>
</title>
<meta http-equiv="Content-Type" content="text/html;charset=utf-8" />
  <meta name='ocr-system' content='tesseract 3.04.00' />
  <meta name='ocr-capabilities' content='ocr_page ocr_carea ocr_par ocr_line ocrx_word'/>
</head>
<body>
  <div class='ocr_page' id='page_1' title='image "./jordanibruninol03brungoog_0316.png"; bbox 0 0 3414 5122; ppageno 0'>
   <div class='ocr_carea' id='block_1_1' title="bbox 570 409 1395 472">
    <p class='ocr_par' dir='ltr' id='par_1_1' title="bbox 570 409 1395 472">
     <span class='ocr_line' id='line_1_1' title="bbox 570 409 1395 472; baseline -0.001 -1"><span class='ocrx_word' id='word_1_1' title='bbox 570 428 615 472; x_wconf 81' lang='lat' dir='ltr'>nn</span> <span class='ocrx_word' id='word_1_2' title='bbox 636 427 793 472; x_wconf 73' lang='lat' dir='ltr'>caucana</span> <span class='ocrx_word' id='word_1_3' title='bbox 815 426 1072 472; x_wconf 80' lang='lat' dir='ltr'>conammoam.</span> <span class='ocrx_word' id='word_1_4' title='bbox 1336 409 1395 470; x_wconf 80' lang='lat'>305</span> 
     </span>
    </p>
   </div>
   <div class='ocr_carea' id='block_1_2' title="bbox 186 584 1508 2426">
    <p class='ocr_par' dir='ltr' id='par_1_2' title="bbox 186 584 1508 2426">
     <span class='ocr_line' id='line_1_2' title="bbox 249 584 1394 673; baseline -0.002 -23"><span class='ocrx_word' id='word_1_5' title='bbox 249 585 358 673; x_wconf 90' lang='lat' dir='ltr'>puppi</span> <span class='ocrx_word' id='word_1_6' title='bbox 377 584 520 671; x_wconf 86' lang='lat' dir='ltr'>residet,</span> <span class='ocrx_word' id='word_1_7' title='bbox 545 586 588 652; x_wconf 92' lang='lat' dir='ltr'>in</span> <span class='ocrx_word' id='word_1_8' title='bbox 613 584 793 653; x_wconf 88' lang='lat' dir='ltr'>consilio</span> <span class='ocrx_word' id='word_1_9' title='bbox 818 585 1046 671; x_wconf 78' lang='lat' dir='ltr'>conquiescit,</span> <span class='ocrx_word' id='word_1_10' title='bbox 1075 607 1143 670; x_wconf 92' lang='lat' dir='ltr'>quo</span> <span class='ocrx_word' id='word_1_11' title='bbox 1174 607 1210 650; x_wconf 88' lang='lat' dir='ltr'>se</span> <span class='ocrx_word' id='word_1_12' title='bbox 1238 590 1394 669; x_wconf 87' lang='lat' dir='ltr'>tueatur,</span> 
     </span>
     <span class='ocr_line' id='line_1_3' title="bbox 250 711 1397 799; baseline -0.003 -22"><span class='ocrx_word' id='word_1_13' title='bbox 250 713 379 777; x_wconf 88' lang='lat' dir='ltr'>exaltet</span> <span class='ocrx_word' id='word_1_14' title='bbox 402 718 437 777; x_wconf 92' lang='lat' dir='ltr'>et</span> <span class='ocrx_word' id='word_1_15' title='bbox 461 711 538 777; x_wconf 89' lang='lat' dir='ltr'>aliis</span> <span class='ocrx_word' id='word_1_16' title='bbox 554 711 715 799; x_wconf 76' lang='lat' dir='ltr'>prodesse</span> <span class='ocrx_word' id='word_1_17' title='bbox 731 711 856 799; x_wconf 86' lang='lat' dir='ltr'>possit;</span> <span class='ocrx_word' id='word_1_18' title='bbox 876 711 1067 797; x_wconf 88' lang='lat' dir='ltr'>impioru</span> <span class='ocrx_word' id='word_1_19' title='bbox 1077 734 1110 775; x_wconf 93' lang='lat' dir='ltr'>m</span> <span class='ocrx_word' id='word_1_20' title='bbox 1129 732 1307 776; x_wconf 88' lang='lat' dir='ltr'>murmura</span> <span class='ocrx_word' id='word_1_21' title='bbox 1326 730 1397 776; x_wconf 89' lang='lat' dir='ltr'>nou</span> 
     </span>
     <span class='ocr_line' id='line_1_4' title="bbox 249 831 1508 925; baseline -0.006 -23"><span class='ocrx_word' id='word_1_22' title='bbox 249 838 349 903; x_wconf 86' lang='lat' dir='ltr'>timet</span> <span class='ocrx_word' id='word_1_23' title='bbox 370 837 375 925; x_wconf 83' lang='grc' dir='ltr'>Ι</span> <span class='ocrx_word' id='word_1_24' title='bbox 396 845 430 903; x_wconf 91' lang='lat' dir='ltr'>et</span> <span class='ocrx_word' id='word_1_25' title='bbox 446 837 600 903; x_wconf 81' lang='lat' dir='ltr'>insidias</span> <span class='ocrx_word' id='word_1_26' title='bbox 620 839 665 903; x_wconf 90' lang='lat' dir='ltr'>Et</span> <span class='ocrx_word' id='word_1_27' title='bbox 681 837 732 903; x_wconf 90' lang='lat' dir='ltr'>ita</span> <span class='ocrx_word' id='word_1_28' title='bbox 751 837 911 925; x_wconf 78' lang='lat' dir='ltr'>deinceps</span> <span class='ocrx_word' id='word_1_29' title='bbox 926 859 988 925; x_wconf 89' lang='lat' dir='ltr'>per</span> <span class='ocrx_word' id='word_1_30' title='bbox 1004 836 1149 901; x_wconf 88' lang='lat' dir='ltr'>aliorum</span> <span class='ocrx_word' id='word_1_31' title='bbox 1167 834 1393 900; x_wconf 86' lang='lat' dir='ltr'>terminorum</span> <span class='ocrx_word' id='word_1_32' title='bbox 1419 831 1508 895; x_wconf 66' lang='lat'>17¹</span> 
     </span>
     <span class='ocr_line' id='line_1_5' title="bbox 250 959 1398 1047; baseline -0.001 -22"><span class='ocrx_word' id='word_1_33' title='bbox 250 961 423 1028; x_wconf 88' lang='lat' dir='ltr'>obiectum</span> <span class='ocrx_word' id='word_1_34' title='bbox 442 963 551 1028; x_wconf 87' lang='lat' dir='ltr'>veluti</span> <span class='ocrx_word' id='word_1_35' title='bbox 572 963 815 1047; x_wconf 74' lang='lat' dir='ltr'>manuductuS,</span> <span class='ocrx_word' id='word_1_36' title='bbox 837 963 909 1028; x_wconf 85' lang='lat' dir='ltr'>sive</span> <span class='ocrx_word' id='word_1_37' title='bbox 928 961 1030 1028; x_wconf 84' lang='lat' dir='ltr'>huius</span> <span class='ocrx_word' id='word_1_38' title='bbox 1063 961 1135 1026; x_wconf 86' lang='lat' dir='ltr'>sive</span> <span class='ocrx_word' id='word_1_39' title='bbox 1166 961 1254 1026; x_wconf 88' lang='lat' dir='ltr'>alius</span> <span class='ocrx_word' id='word_1_40' title='bbox 1287 959 1398 1025; x_wconf 86' lang='lat' dir='ltr'>cuius·</span> 
     </span>
     <span class='ocr_line' id='line_1_6' title="bbox 206 1084 1397 1173; baseline -0.002 -22"><span class='ocrx_word' id='word_1_41' title='bbox 206 1087 226 1150; x_wconf 83' lang='lat'>5</span> <span class='ocrx_word' id='word_1_42' title='bbox 250 1109 395 1173; x_wconf 88' lang='lat' dir='ltr'>cumque</span> <span class='ocrx_word' id='word_1_43' title='bbox 415 1095 622 1154; x_wconf 76' lang='lat' dir='ltr'><strong>memoratae</strong></span> <span class='ocrx_word' id='word_1_44' title='bbox 641 1088 807 1155; x_wconf 86' lang='lat' dir='ltr'>orationis</span> <span class='ocrx_word' id='word_1_45' title='bbox 828 1087 997 1170; x_wconf 87' lang='lat' dir='ltr'>terminis,</span> <span class='ocrx_word' id='word_1_46' title='bbox 1018 1086 1092 1152; x_wconf 86' lang='lat' dir='ltr'>sive</span> <span class='ocrx_word' id='word_1_47' title='bbox 1110 1086 1175 1152; x_wconf 92' lang='lat' dir='ltr'>hoc</span> <span class='ocrx_word' id='word_1_48' title='bbox 1199 1085 1271 1150; x_wconf 85' lang='lat' dir='ltr'>sive</span> <span class='ocrx_word' id='word_1_49' title='bbox 1291 1084 1397 1170; x_wconf 86' lang='lat' dir='ltr'>quod·</span> 
     </span>
     <span class='ocr_line' id='line_1_7' title="bbox 250 1207 1397 1297; baseline -0.004 -20"><span class='ocrx_word' id='word_1_50' title='bbox 250 1235 395 1297; x_wconf 88' lang='lat' dir='ltr'>cumque</span> <span class='ocrx_word' id='word_1_51' title='bbox 424 1213 519 1279; x_wconf 88' lang='lat' dir='ltr'>aliud</span> <span class='ocrx_word' id='word_1_52' title='bbox 546 1213 739 1279; x_wconf 85' lang='lat' dir='ltr'>subiectum</span> <span class='ocrx_word' id='word_1_53' title='bbox 774 1212 988 1296; x_wconf 88' lang='lat' dir='ltr'>deducendo,</span> <span class='ocrx_word' id='word_1_54' title='bbox 1025 1210 1148 1276; x_wconf 89' lang='lat' dir='ltr'>dilatet</span> <span class='ocrx_word' id='word_1_55' title='bbox 1183 1207 1397 1274; x_wconf 83' lang='lat' dir='ltr'>inventionis</span> 
     </span>
     <span class='ocr_line' id='line_1_8' title="bbox 251 1334 1397 1425; baseline -0.003 -24"><span class='ocrx_word' id='word_1_56' title='bbox 251 1360 397 1403; x_wconf 88' lang='lat' dir='ltr'>cursum.</span> <span class='ocrx_word' id='word_1_57' title='bbox 415 1338 505 1416; x_wconf 79' lang='lat' dir='ltr'>Quid</span> <span class='ocrx_word' id='word_1_58' title='bbox 524 1338 607 1403; x_wconf 89' lang='lat' dir='ltr'>item</span> <span class='ocrx_word' id='word_1_59' title='bbox 627 1339 789 1425; x_wconf 85' lang='lat' dir='ltr'>prohibet</span> <span class='ocrx_word' id='word_1_60' title='bbox 805 1346 839 1403; x_wconf 93' lang='lat' dir='ltr'>et</span> <span class='ocrx_word' id='word_1_61' title='bbox 855 1339 956 1403; x_wconf 84' lang='lat' dir='ltr'>hasce</span> <span class='ocrx_word' id='word_1_62' title='bbox 973 1357 1197 1423; x_wconf 80' lang='lat' dir='ltr'>quascunque</span> <span class='ocrx_word' id='word_1_63' title='bbox 1218 1334 1397 1414; x_wconf 79' lang='lat' dir='ltr'>dictioneS,</span> 
     </span>
     <span class='ocr_line' id='line_1_9' title="bbox 249 1459 1393 1548; baseline -0.003 -20"><span class='ocrx_word' id='word_1_64' title='bbox 249 1462 294 1528; x_wconf 88' lang='lat' dir='ltr'>ad</span> <span class='ocrx_word' id='word_1_65' title='bbox 312 1463 459 1528; x_wconf 87' lang='lat' dir='ltr'>subiecti</span> <span class='ocrx_word' id='word_1_66' title='bbox 479 1463 793 1529; x_wconf 78' lang='lat' dir='ltr'>denominationem</span> <span class='ocrx_word' id='word_1_67' title='bbox 814 1463 1107 1543; x_wconf 76' lang='lat' dir='ltr'>adcommodatae,</span> <span class='ocrx_word' id='word_1_68' title='bbox 1127 1483 1190 1548; x_wconf 85' lang='lat' dir='ltr'>per</span> <span class='ocrx_word' id='word_1_69' title='bbox 1207 1459 1393 1546; x_wconf 88' lang='lat' dir='ltr'>principia,</span> 
     </span>
     <span class='ocr_line' id='line_1_10' title="bbox 250 1584 1395 1674; baseline -0.003 -22"><span class='ocrx_word' id='word_1_70' title='bbox 250 1588 387 1671; x_wconf 82' lang='lat' dir='ltr'>regulas</span> <span class='ocrx_word' id='word_1_71' title='bbox 407 1597 441 1652; x_wconf 91' lang='lat' dir='ltr'>et</span> <span class='ocrx_word' id='word_1_72' title='bbox 460 1595 594 1653; x_wconf 85' lang='lat' dir='ltr'>caetera</span> <span class='ocrx_word' id='word_1_73' title='bbox 613 1588 799 1654; x_wconf 82' lang='lat' dir='ltr'>deducere?</span> <span class='ocrx_word' id='word_1_74' title='bbox 823 1589 872 1656; x_wconf 87' lang='lat' dir='ltr'>Ut</span> <span class='ocrx_word' id='word_1_75' title='bbox 892 1587 1095 1674; x_wconf 80' lang='lat' dir='ltr'>prudentiae</span> <span class='ocrx_word' id='word_1_76' title='bbox 1126 1584 1395 1666; x_wconf 84' lang='lat' dir='ltr'>beatitudinem,</span> 
     </span>
     <span class='ocr_line' id='line_1_11' title="bbox 186 1708 1397 1799; baseline 0.001 -27"><span class='ocrx_word' id='word_1_77' title='bbox 186 1710 228 1773; x_wconf 86' lang='lat'>10</span> <span class='ocrx_word' id='word_1_78' title='bbox 250 1712 470 1797; x_wconf 87' lang='lat' dir='ltr'>virilitatem,</span> <span class='ocrx_word' id='word_1_79' title='bbox 492 1714 731 1798; x_wconf 85' lang='lat' dir='ltr'>negationem,</span> <span class='ocrx_word' id='word_1_80' title='bbox 752 1715 959 1795; x_wconf 82' lang='lat' dir='ltr'>absentiam,</span> <span class='ocrx_word' id='word_1_81' title='bbox 988 1711 1179 1799; x_wconf 86' lang='lat' dir='ltr'>impietatis</span> <span class='ocrx_word' id='word_1_82' title='bbox 1207 1708 1397 1774; x_wconf 84' lang='lat' dir='ltr'>adversita·</span> 
     </span>
     <span class='ocr_line' id='line_1_12' title="bbox 250 1835 1397 1926; baseline -0.003 -24"><span class='ocrx_word' id='word_1_83' title='bbox 250 1844 333 1921; x_wconf 88' lang='lat' dir='ltr'>tem,</span> <span class='ocrx_word' id='word_1_84' title='bbox 355 1838 551 1921; x_wconf 85' lang='lat' dir='ltr'>consilium,</span> <span class='ocrx_word' id='word_1_85' title='bbox 569 1839 675 1921; x_wconf 91' lang='lat' dir='ltr'>viam,</span> <span class='ocrx_word' id='word_1_86' title='bbox 700 1839 1042 1926; x_wconf 77' lang='lat' dir='ltr'>impeccabilitatem,</span> <span class='ocrx_word' id='word_1_87' title='bbox 1067 1835 1313 1915; x_wconf 74' lang='lat' dir='ltr'>constantiam,</span> <span class='ocrx_word' id='word_1_88' title='bbox 1343 1857 1397 1899; x_wconf 88' lang='lat' dir='ltr'>ca-</span> 
     </span>
     <span class='ocr_line' id='line_1_13' title="bbox 250 1960 1395 2049; baseline -0.003 -23"><span class='ocrx_word' id='word_1_89' title='bbox 250 1962 420 2045; x_wconf 89' lang='lat' dir='ltr'>thedram,</span> <span class='ocrx_word' id='word_1_90' title='bbox 440 1964 549 2049; x_wconf 84' lang='lat' dir='ltr'>pestis</span> <span class='ocrx_word' id='word_1_91' title='bbox 572 1964 803 2048; x_wconf 85' lang='lat' dir='ltr'>abactionem,</span> <span class='ocrx_word' id='word_1_92' title='bbox 824 1963 1022 2043; x_wconf 73' lang='lat' dir='ltr'>sessionem,</span> <span class='ocrx_word' id='word_1_93' title='bbox 1043 1963 1167 2047; x_wconf 83' lang='lat' dir='ltr'>legem,</span> <span class='ocrx_word' id='word_1_94' title='bbox 1188 1960 1395 2044; x_wconf 88' lang='lat' dir='ltr'>dominium,</span> 
     </span>
     <span class='ocr_line' id='line_1_14' title="bbox 251 2085 1396 2174; baseline -0.003 -22"><span class='ocrx_word' id='word_1_95' title='bbox 251 2088 480 2172; x_wconf 81' lang='lat' dir='ltr'>voluntatem,</span> <span class='ocrx_word' id='word_1_96' title='bbox 500 2089 777 2174; x_wconf 86' lang='lat' dir='ltr'>meditationem,</span> <span class='ocrx_word' id='word_1_97' title='bbox 799 2090 903 2171; x_wconf 85' lang='lat' dir='ltr'>diem,</span> <span class='ocrx_word' id='word_1_98' title='bbox 934 2096 1086 2170; x_wconf 89' lang='lat' dir='ltr'>noctem,</span> <span class='ocrx_word' id='word_1_99' title='bbox 1118 2085 1396 2168; x_wconf 85' lang='lat' dir='ltr'>similitudinem,</span> 
     </span>
     <span class='ocr_line' id='line_1_15' title="bbox 252 2211 1398 2301; baseline -0.001 -24"><span class='ocrx_word' id='word_1_100' title='bbox 252 2213 421 2296; x_wconf 83' lang='lat' dir='ltr'>arborem,</span> <span class='ocrx_word' id='word_1_101' title='bbox 442 2215 711 2301; x_wconf 86' lang='lat' dir='ltr'>plantationem,</span> <span class='ocrx_word' id='word_1_102' title='bbox 735 2224 768 2280; x_wconf 91' lang='lat' dir='ltr'>et</span> <span class='ocrx_word' id='word_1_103' title='bbox 788 2222 921 2280; x_wconf 84' lang='lat' dir='ltr'>caetera</span> <span class='ocrx_word' id='word_1_104' title='bbox 950 2236 1037 2298; x_wconf 89' lang='lat' dir='ltr'>quae</span> <span class='ocrx_word' id='word_1_105' title='bbox 1068 2211 1291 2296; x_wconf 72' lang='lat' dir='ltr'>sapientibus</span> <span class='ocrx_word' id='word_1_106' title='bbox 1311 2211 1398 2276; x_wconf 87' lang='lat' dir='ltr'>cius·</span> 
     </span>
     <span class='ocr_line' id='line_1_16' title="bbox 187 2336 1398 2426; baseline -0.002 -24"><span class='ocrx_word' id='word_1_107' title='bbox 187 2347 229 2409; x_wconf 71' lang='grc'>15</span> <span class='ocrx_word' id='word_1_108' title='bbox 253 2338 331 2402; x_wconf 86' lang='lat' dir='ltr'>dem</span> <span class='ocrx_word' id='word_1_109' title='bbox 351 2339 476 2403; x_wconf 86' lang='lat' dir='ltr'>cantici</span> <span class='ocrx_word' id='word_1_110' title='bbox 496 2340 707 2406; x_wconf 85' lang='lat' dir='ltr'>dictionibus</span> <span class='ocrx_word' id='word_1_111' title='bbox 727 2347 968 2426; x_wconf 80' lang='lat' dir='ltr'>suggeruntur.</span> <span class='ocrx_word' id='word_1_112' title='bbox 988 2338 1104 2403; x_wconf 85' lang='lat' dir='ltr'>Habes</span> <span class='ocrx_word' id='word_1_113' title='bbox 1122 2337 1230 2423; x_wconf 80' lang='lat' dir='ltr'>igitur</span> <span class='ocrx_word' id='word_1_114' title='bbox 1247 2338 1287 2420; x_wconf 78' lang='lat' dir='ltr'>S,</span> <span class='ocrx_word' id='word_1_115' title='bbox 1306 2336 1398 2420; x_wconf 86' lang='lat' dir='ltr'>quod</span> 
     </span>
    </p>
   </div>
   <div class='ocr_carea' id='block_1_3' title="bbox 254 2463 1398 2553">
    <p class='ocr_par' dir='ltr' id='par_1_3' title="bbox 254 2463 1398 2553">
     <span class='ocr_line' id='line_1_17' title="bbox 254 2463 1398 2553; baseline -0.002 -25"><span class='ocrx_word' id='word_1_116' title='bbox 254 2464 426 2550; x_wconf 83' lang='lat' dir='ltr'>siguificat</span> <span class='ocrx_word' id='word_1_117' title='bbox 446 2466 683 2551; x_wconf 85' lang='lat' dir='ltr'>prudentiam,</span> <span class='ocrx_word' id='word_1_118' title='bbox 703 2480 737 2532; x_wconf 89' lang='lat' dir='ltr'>et</span> <span class='ocrx_word' id='word_1_119' title='bbox 755 2491 812 2533; x_wconf 88' lang='lat' dir='ltr'>eos</span> <span class='ocrx_word' id='word_1_120' title='bbox 832 2466 892 2553; x_wconf 87' lang='lat' dir='ltr'>qui</span> <span class='ocrx_word' id='word_1_121' title='bbox 911 2473 993 2531; x_wconf 89' lang='lat' dir='ltr'>sunt</span> <span class='ocrx_word' id='word_1_122' title='bbox 1012 2466 1049 2530; x_wconf 92' lang='lat' dir='ltr'>in</span> <span class='ocrx_word' id='word_1_123' title='bbox 1069 2464 1200 2550; x_wconf 84' lang='lat' dir='ltr'>figurae</span> <span class='ocrx_word' id='word_1_124' title='bbox 1220 2463 1398 2528; x_wconf 79' lang='lat' dir='ltr'>circumfe-</span> 
     </span>
    </p>
   </div>
   <div class='ocr_carea' id='block_1_4' title="bbox 253 2589 1222 2683">
    <p class='ocr_par' dir='ltr' id='par_1_4' title="bbox 253 2589 1222 2683">
     <span class='ocr_line' id='line_1_18' title="bbox 253 2589 1222 2683; baseline -0.003 -27"><span class='ocrx_word' id='word_1_125' title='bbox 253 2589 366 2656; x_wconf 88' lang='lat' dir='ltr'>rentia</span> <span class='ocrx_word' id='word_1_126' title='bbox 385 2591 563 2678; x_wconf 86' lang='lat' dir='ltr'>terminos,</span> <span class='ocrx_word' id='word_1_127' title='bbox 582 2617 645 2682; x_wconf 79' lang='lat' dir='ltr'>per</span> <span class='ocrx_word' id='word_1_128' title='bbox 664 2616 748 2683; x_wconf 84' lang='lat' dir='ltr'>quos</span> <span class='ocrx_word' id='word_1_129' title='bbox 768 2594 828 2659; x_wconf 85' lang='lat' dir='ltr'>illa</span> <span class='ocrx_word' id='word_1_130' title='bbox 846 2591 1045 2660; x_wconf 88' lang='lat' dir='ltr'>deducenda</span> <span class='ocrx_word' id='word_1_131' title='bbox 1064 2590 1222 2657; x_wconf 85' lang='lat' dir='ltr'>occurrit.</span> 
     </span>
    </p>
   </div>
   <div class='ocr_carea' id='block_1_5' title="bbox 255 4421 1403 4652">
    <p class='ocr_par' dir='ltr' id='par_1_5' title="bbox 255 4421 1403 4652">
     <span class='ocr_line' id='line_1_19' title="bbox 346 4421 1403 4491; baseline -0.005 -14"><span class='ocrx_word' id='word_1_132' title='bbox 346 4429 362 4477; x_wconf 84' lang='lat'><strong>3</strong></span> <span class='ocrx_word' id='word_1_133' title='bbox 377 4429 415 4477; x_wconf 81' lang='lat' dir='ltr'>Et</span> <span class='ocrx_word' id='word_1_134' title='bbox 428 4443 478 4477; x_wconf 73' lang='lat' dir='ltr'>ona.</span> <span class='ocrx_word' id='word_1_135' title='bbox 495 4425 519 4477; x_wconf 77' lang='lat' dir='ltr'><strong><em>G</em></strong></span> <span class='ocrx_word' id='word_1_136' title='bbox 582 4425 630 4474; x_wconf 66' lang='lat' dir='ltr'>‹tf›</span> <span class='ocrx_word' id='word_1_137' title='bbox 642 4440 654 4472; x_wconf 85' lang='lat' dir='ltr'>c</span> <span class='ocrx_word' id='word_1_138' title='bbox 665 4424 715 4474; x_wconf 81' lang='grc' dir='ltr'>5.ϋ</span> <span class='ocrx_word' id='word_1_139' title='bbox 732 4421 931 4491; x_wconf 83' lang='lat' dir='ltr'>cujuscunque</span> <span class='ocrx_word' id='word_1_140' title='bbox 944 4439 957 4472; x_wconf 81' lang='lat' dir='ltr'>e</span> <span class='ocrx_word' id='word_1_141' title='bbox 970 4423 1162 4490; x_wconf 86' lang='lat' dir='ltr'>quodcunque</span> <span class='ocrx_word' id='word_1_142' title='bbox 1177 4424 1201 4475; x_wconf 80' lang='lat' dir='ltr'><strong><em>G</em></strong></span> <span class='ocrx_word' id='word_1_143' title='bbox 1266 4425 1294 4475; x_wconf 78' lang='grc'>17</span> <span class='ocrx_word' id='word_1_144' title='bbox 1312 4424 1340 4472; x_wconf 84' lang='lat' dir='ltr'>la</span> <span class='ocrx_word' id='word_1_145' title='bbox 1355 4425 1403 4473; x_wconf 78' lang='lat' dir='ltr'>tec·</span> 
     </span>
     <span class='ocr_line' id='line_1_20' title="bbox 255 4503 1025 4571; baseline -0.005 -11"><span class='ocrx_word' id='word_1_146' title='bbox 255 4516 314 4560; x_wconf 79' lang='lat' dir='ltr'>tera</span> <span class='ocrx_word' id='word_1_147' title='bbox 327 4511 346 4560; x_wconf 91' lang='lat' dir='ltr'>S</span> <span class='ocrx_word' id='word_1_148' title='bbox 359 4509 403 4559; x_wconf 81' lang='lat' dir='ltr'>nel</span> <span class='ocrx_word' id='word_1_149' title='bbox 415 4523 497 4557; x_wconf 68' lang='lat' dir='ltr'>nicaeo</span> <span class='ocrx_word' id='word_1_150' title='bbox 511 4504 583 4557; x_wconf 80' lang='lat' dir='ltr'>della</span> <span class='ocrx_word' id='word_1_151' title='bbox 593 4505 685 4571; x_wconf 70' lang='lat' dir='ltr'>sipara</span> <span class='ocrx_word' id='word_1_152' title='bbox 699 4505 794 4556; x_wconf 69' lang='lat' dir='ltr'>tutata</span> <span class='ocrx_word' id='word_1_153' title='bbox 806 4503 936 4570; x_wconf 69' lang='lat' dir='ltr'>oppidula</span> <span class='ocrx_word' id='word_1_154' title='bbox 950 4504 987 4556; x_wconf 85' lang='lat' dir='ltr'>da</span> <span class='ocrx_word' id='word_1_155' title='bbox 1001 4505 1025 4556; x_wconf 78' lang='lat'><em>0</em></span> 
     </span>
     <span class='ocr_line' id='line_1_21' title="bbox 389 4600 1238 4652; baseline -0.005 -9"><span class='ocrx_word' id='word_1_156' title='bbox 389 4605 463 4643; x_wconf 70' lang='lat' dir='ltr'>Ruunt</span> <span class='ocrx_word' id='word_1_157' title='bbox 478 4602 532 4652; x_wconf 77' lang='lat' dir='ltr'>opp.</span> <span class='ocrx_word' id='word_1_158' title='bbox 545 4602 586 4640; x_wconf 77' lang='lat' dir='ltr'>lae.</span> <span class='ocrx_word' id='word_1_159' title='bbox 599 4601 633 4651; x_wconf 86' lang='lat'>11,</span> <span class='ocrx_word' id='word_1_160' title='bbox 643 4600 665 4640; x_wconf 70' lang='lat'>².</span> <span class='ocrx_word' id='word_1_161' title='bbox 1212 4601 1238 4639; x_wconf 72' lang='grc'>39</span> 
     </span>
    </p>
   </div>
   <div class='ocr_carea' id='block_1_6' title="bbox 0 0 1724 5122">
    <p class='ocr_par' dir='ltr' id='par_1_6' title="bbox 0 0 1724 5122">
     <span class='ocr_line' id='line_1_22' title="bbox 0 0 1724 5122; baseline 0 0"><span class='ocrx_word' id='word_1_162' title='bbox 0 0 1724 5122; x_wconf 95' lang='lat' dir='ltr'> </span> 
     </span>
    </p>
   </div>
  </div>
 </body>
</html>
