3414 5122
550 436 745 482 axrnrorrro
766 436 923 481 raimsrn
946 435 1154 480 srsnnosvrr.
1293 493 1295 501 ‚
1362 420 1416 477 151

280 598 371 663 circa
393 618 501 661 unum
531 593 692 679 idemque
717 599 872 658 centrum
901 615 978 657 suas
1001 591 1150 676 complet
1170 589 1418 671 revolutiones,

279 724 329 789 ibi
353 744 435 789 vero
454 722 662 807 Peregrinus
682 719 830 806 singulis
849 717 959 784 veluti
978 725 1073 782 rotae
1092 715 1198 783 radiis
1217 715 1302 781 alias
1326 722 1419 780 rotas

280 849 317 914 in
336 849 491 930 tertium,
509 854 670 933 quartum
687 853 721 911 et
735 846 853 933 plures
869 844 911 929 (si
926 865 1062 909 necesse
1078 841 1285 927 libitumque
1300 840 1420 924 fuerit)

280 974 545 1041 subalternatim
564 971 785 1040 succedentes
802 971 939 1037 ordines
957 969 1168 1056 auspicatur,
1186 967 1367 1063 exequitur
1386 973 1420 1031 et

236 1104 257 1168 ὅ
280 1101 390 1166 veluti
408 1122 551 1187 peregre
569 1099 790 1187 proficiscens
818 1105 994 1184 evagatur.
1015 1093 1177 1181 Sigillum
1201 1093 1307 1159 istum
1326 1115 1422 1179 prae·

283 1228 373 1293 senti
392 1227 429 1293 in
449 1227 645 1314 aenigmate
665 1224 956 1313 complicavimus.

400 1435 514 1494 Uranie
532 1441 634 1494 vatem
651 1431 798 1492 sublimes
816 1429 949 1489 duritia
966 1427 1087 1506 aedeis,

461 1542 528 1614 Quo
545 1540 664 1600 faceret
679 1540 791 1599 mentis
808 1539 911 1598 nubila
927 1537 1016 1617 pulsa
1033 1557 1115 1598 suae.

406 1649 521 1711 Ordine
538 1658 770 1728 praegnantem,
788 1669 847 1724 quo
864 1657 936 1709 sunt
953 1649 1092 1726 disposta
1109 1665 1164 1724 per
1181 1646 1299 1724 orbem,

463 1757 586 1818 indicat
601 1765 725 1818 extenta
744 1757 864 1846 singula
880 1776 1017 1833 quaeque
1034 1774 1133 1816 manu.

400 1865 572 1926 Leucadius
590 1885 684 1942 regno
702 1864 791 1926 sedet
807 1866 869 1942 hic,
889 1866 1048 1943 tristisque
1064 1876 1197 1928 senecta.

459 1973 613 2033 Praetulit
630 1973 679 2032 hic
698 1972 813 2050 degens
831 1973 904 2032 talia
921 1993 1016 2049 regna
1032 1975 1121 2052 patri.

404 2082 539 2161 Cuspide
556 2082 700 2158 Marsque
718 2091 827 2159 potens
844 2082 926 2160 rapit
941 2083 1012 2142 hinc
1030 2103 1077 2159 ee,
1096 2091 1246 2161 raptaque
1263 2088 1380 2155 servat3

460 2190 581 2249 Aureus
599 2188 669 2247 hinc
687 2188 776 2248 Titan
794 2188 870 2246 haec
888 2187 1031 2248 diuturna
1047 2188 1131 2248 facit.

399 2296 521 2358 Blanda
538 2297 643 2357 Venus
660 2304 748 2373 grato
766 2318 927 2358 numerosa
945 2318 980 2358 ea
997 2297 1099 2359 reddit
1116 2317 1234 2372 amore3

459 2404 550 2465 Pacis
570 2413 601 2464 et
617 2425 770 2465 armorum
787 2405 856 2464 hinc
874 2407 988 2466 arbiter
1004 2406 1053 2465 hio
1071 2406 1200 2485 superis.

399 2513 480 2572 Hinc
497 2513 584 2573 vultu
604 2511 780 2573 inconstans
797 2513 913 2574 Lucina
930 2523 961 2575 et
978 2513 1090 2573 lumine
1107 2513 1232 2589 clamat,

463 2620 644 2682 Occubitum
662 2621 763 2681 visent
781 2629 848 2681 orta
865 2630 897 2682 et
913 2623 1043 2682 adaucta
1059 2641 1156 2682 suum.

404 2728 519 2789 Ordine
536 2735 608 2788 sunt
624 2736 786 2806 postquam
804 2738 951 2807 concepta
971 2729 1086 2808 palatia
1103 2729 1194 2802 coeli,

461 2837 517 2898 Bis
535 2855 626 2897 senas
643 2837 728 2896 iuvat
745 2836 801 2897 hos
818 2837 879 2897 iam
896 2857 1060 2916 peragrare
1078 2836 1193 2897 domos.

402 2946 569 3022 Egrediare
592 2965 685 3005 senex
702 2945 805 3006 varios
822 2945 959 3006 subiture
975 2947 1110 3006 locorum

459 3052 643 3128 Anfractus,
661 3054 762 3114 varias
779 3053 960 3113 insinuando
976 3062 1075 3113 notas.

398 3162 479 3221 Huic
496 3161 600 3220 divum
618 3160 747 3221 succede
764 3180 891 3238 parens,
908 3160 1038 3221 succede
1056 3161 1207 3238 Gradive,

459 3269 650 3329 Sminthenm
667 3289 792 3345 numen,
812 3268 924 3328 Gnidia
939 3275 1012 3329 nata
1029 3269 1114 3330 mari.

400 3377 538 3436 Atlantis
556 3376 686 3437 succede
703 3396 811 3454 nepos,
830 3375 969 3454 Cyllenia
986 3378 1102 3456 proles,

459 3485 549 3545 Delia
567 3504 624 3545 nec
642 3505 745 3546 cesses
763 3483 849 3546 coelo
865 3485 1026 3562 Ereboque
1043 3492 1162 3564 potens.

352 3726 449 3767 claustri
465 3727 589 3768 cabalistlcl
604 3731 627 3767 et
641 3728 743 3779 Tempu,
757 3728 817 3777 quod
832 3729 1045 3769 vlceslmusoctavus
1060 3728 1205 3779 cerataulas,
1222 3726 1352 3777 explicatio.

367 3896 437 3960 Hic
457 3895 590 3961 duobus
615 3904 649 3960 et
679 3896 808 3983 viginti
836 3897 1014 3962 elementis
1041 3895 1239 3983 vigintiduo
1270 3897 1420 3963 claustra

280 4021 334 4085 vel
355 4021 485 4109 templa
505 4021 735 4106 destinantur,
763 4044 909 4107 qnorum
928 4023 1067 4108 singula
1086 4023 1123 4087 in
1152 4020 1220 4087 duo
1239 4029 1273 4087 et
1292 4020 1420 4108 viginti

372 4269 395 4318 7.
405 4269 437 4317 26
453 4284 476 4318 v.
492 4268 547 4317 Ars
559 4283 631 4317 areni.
646 4283 676 4330 p.
696 4269 744 4317 167
761 4265 842 4317 Inrbr.
908 4269 923 4317 9
940 4268 1000 4318 sint
1018 4267 1042 4319 G
1104 4269 1135 4318 10
1152 4271 1285 4319 extenctu
1304 4265 1361 4334 (sic)
1380 4269 1417 4319 P:

280 4352 400 4399 extensa
414 4347 438 4398 G
502 4349 532 4398 14
550 4349 688 4398 diuturna
701 4348 727 4396 P
789 4349 822 4398 20
837 4363 974 4414 peragere
987 4349 1014 4398 P
1075 4349 1107 4397 23
1123 4347 1261 4398 succeeds
1276 4349 1315 4412 (la
1324 4348 1421 4414 prima

283 4429 366 4493 volta)
388 4429 414 4478 P
484 4429 515 4479 24
539 4428 735 4480 Sminthaeum
757 4428 811 4480 Pa
880 4429 980 4480 Cnidia
1000 4431 1055 4479 Ars
1075 4444 1146 4480 arem.
1216 4429 1247 4478 25
1273 4430 1421 4483 Athlantis

285 4511 423 4562 succeeds
436 4509 462 4559 P
524 4511 555 4561 26
570 4508 743 4576 Horeboque
758 4509 782 4559 P
844 4510 876 4560 28
892 4510 1008 4561 elemoti
1021 4510 1093 4576 (sie),
1107 4511 1138 4560 22
1152 4509 1278 4562 claustra
1291 4518 1337 4562 ele.
1353 4512 1379 4561 P
