3414 5122
413 388 457 431 DE
477 386 710 433 conpnnmosn
731 389 985 435 Ancnlnacnvnn
1007 390 1103 434 ARTIS
1123 389 1242 434 Lvttn.
1361 376 1400 434 43

348 543 473 611 Omnia
497 568 584 632 quae
608 545 649 610 de
674 545 747 612 Deo
776 545 939 613 dicuntur
968 553 1028 612 aut
1053 546 1241 613 secundum
1265 555 1398 614 rectum

258 678 318 735 aut
348 670 535 736 secundum
569 672 761 757 obliquum,
794 695 871 737 cum
900 672 1018 738 eadem
1057 695 1145 758 quae
1173 673 1267 739 Deus
1301 696 1399 761 prae·

258 793 372 861 dicata
400 795 570 885 recipiant
598 805 632 862 et
659 819 722 883 pro
751 798 823 863 Deo
853 805 1066 885 supponant,
1098 799 1302 865 immensam
1331 799 1398 865 tibi

162 995 164 999 ¹
258 920 482 1008 suppeditant
506 921 790 988 considerationis
815 923 1009 1005 materiam3
1031 944 1108 989 cum
1132 924 1284 1011 primum
1302 947 1401 1012 prae-

214 1046 235 1110 5
259 1047 411 1113 dicatum
436 1046 528 1133 quod
555 1054 606 1113 est
634 1048 776 1130 bonum,
804 1053 838 1112 et
867 1071 906 1114 ea
933 1047 1131 1135 praedicata
1160 1072 1247 1135 quae
1275 1050 1319 1115 ad
1347 1051 1405 1116 bo·

259 1196 344 1240 num
362 1174 588 1258 reducuntur,
619 1172 703 1238 item
726 1180 761 1238 et
781 1173 786 1261 Ι
808 1181 941 1240 caetera
961 1175 1075 1240 omnia
1095 1173 1306 1262 praedicata,
1326 1197 1403 1240 cum
1429 1176 1520 1241 ΒΨ

259 1299 302 1363 iis
333 1322 421 1385 quae
444 1299 488 1365 ad
511 1298 629 1378 eadem
657 1298 869 1365 reducuntur
896 1307 935 1365 ut
965 1299 1107 1387 speclea,
1130 1299 1400 1386 aequivalentia,

257 1430 373 1511 partes
404 1431 439 1489 et
468 1424 576 1509 modi,
597 1425 638 1489 de
667 1426 740 1490 Deo
770 1433 805 1491 ct
835 1424 877 1489 iis
910 1425 1083 1506 omnibuS,
1117 1446 1203 1510 quae
1232 1424 1325 1491 Deus
1354 1425 1403 1490 di-

258 1556 384 1615 cuntur
418 1559 452 1616 et
482 1551 526 1616 ad
553 1551 666 1617 Deum
694 1552 872 1638 pertinent
899 1556 1004 1636 atque
1031 1551 1257 1632 reducuntur,
1294 1549 1401 1616 facias

193 1678 235 1741 10
257 1674 462 1762 praedicari,
492 1699 555 1742 nec
582 1698 653 1742 non
677 1676 864 1742 secundum
884 1677 989 1741 talem
1016 1674 1309 1763 praedicationem
1334 1674 1401 1739 tibi

258 1801 472 1868 considerata
505 1803 791 1890 contemplentur.
820 1800 1029 1867 Extenditur
1065 1801 1170 1866 etiam
1204 1799 1401 1888 recipiendo

257 1927 529 2013 praedicationes
549 1929 659 2013 (iuxta
684 1951 782 1994 suum
807 1927 958 2008 modurn)
979 1927 1022 1992 ab
1043 1927 1203 1992 omnibus
1232 1927 1404 2012 sequenti·

258 2052 323 2117 bus
342 2053 505 2119 subiectis
524 2060 558 2119 et
577 2054 620 2119 iis
637 2076 724 2139 quae
743 2053 920 2141 pertinent
936 2051 979 2118 ad
999 2052 1071 2135 illa,
1088 2074 1235 2137 quorum
1248 2050 1403 2118 omnium

259 2184 311 2242 est
328 2178 442 2265 prima
462 2201 572 2245 causa.

671 2469 705 2508 Dc
718 2470 816 2509 secundo
831 2469 940 2509 subtecto.
958 2467 983 2507 G.

346 2687 542 2753 Secundum
571 2688 763 2753 subiectum
795 2694 847 2752 est
877 2686 1032 2773 Angelus
1062 2710 1120 2752 seu
1151 2688 1307 2754 Daemon
1335 2711 1394 2754 seu

256 2812 329 2896 Dii,
350 2813 474 2897 inquo
503 2813 543 2878 fit
571 2812 872 2899 contemplationis
901 2812 1052 2877 emensio
1076 2820 1110 2877 et
1130 2814 1394 2900 conceptionum

254 2938 514 3026 multiplicatm,
534 2938 645 3025 primo
656 2960 761 3025 penes
778 2937 1025 3003 consideranda
1045 2937 1086 3003 de
1104 2960 1220 3003 eorum
1240 2938 1397 3004 substan·
1423 2951 1544 3015 26¹7,

254 3064 319 3150 tia,
340 3063 489 3130 secundo
507 3086 611 3150 penes
640 3085 756 3129 eorum
784 3062 958 3150 potentias
977 3085 1037 3129 seu
1056 3062 1240 3129 facultates
1268 3061 1394 3148 agendi

188 3190 232 3253 20
255 3197 289 3254 et
306 3189 482 3277 operandi.

345 3315 443 3393 Quod
463 3315 505 3380 ad
524 3315 674 3402 primum
694 3315 832 3397 attinet,
855 3312 908 3398 [etl
930 3313 1191 3378 considerantur
1209 3335 1315 3400 penes
1340 3334 1396 3378 eo·

254 3463 331 3506 rum
355 3440 635 3505 distributionem
659 3439 696 3503 in
718 3461 858 3524 genera,
883 3460 970 3523 quae
994 3437 1233 3523 Babylonicis,
1264 3436 1395 3523 Magis,

254 3565 495 3652 Pythagoricis
519 3570 554 3629 et
577 3562 761 3631 Cabalistis
790 3574 824 3629 et
853 3563 1088 3629 sacerdotibus
1108 3565 1271 3648 antiquae
1289 3564 1395 3650 legis,

255 3691 465 3757 Graecorum
496 3699 529 3755 et
559 3690 794 3755 Romanorum
825 3696 859 3752 et
893 3689 1040 3754 aliarum
1073 3689 1229 3775 gentium
1259 3688 1316 3723 aaa
1349 3711 1399 3753 se-

187 3823 230 3885 25
255 3823 409 3902 quuntur
443 3838 558 3881 rerum
592 3836 737 3901 genera,
772 3814 897 3899 quibus
932 3814 1058 3880 adsunt
1097 3821 1199 3899 atque
1227 3821 1394 3900 praesunt
1492 3798 1496 3804 ’

253 3941 472 4026 formatores,
497 3952 644 4008 motores
665 3947 699 4004 et
719 3947 923 4022 servatores,
946 3947 1113 4027 tanquam
1142 3936 1394 4024 inltelligibilis
1421 3949 1509 4012 28‘

253 4068 375 4134 mundi
404 4067 570 4149 membra,
601 4066 727 4153 quibus
758 4065 858 4132 istius
889 4064 1063 4130 sensibilis
1090 4063 1212 4129 mundi
1240 4063 1394 4129 membra

259 4265 468 4273 --——

347 4377 588 4431 3immensumG
651 4376 939 4442 18multipilcaticP
1002 4376 1031 4424 ¹21
1050 4376 1172 4426 eterrad
1236 4376 1395 4426 aasabim·

255 4463 328 4515 nicia
341 4462 367 4512 P
428 4463 459 4513 24
476 4460 597 4511 abbiamo
611 4458 732 4511 indicata
745 4476 801 4509 aaa
816 4458 926 4507 lacuna:
942 4458 1072 4521 gentium
1088 4458 1284 4523 (placuerunt)
1299 4456 1323 4508 G
