<?xml version="1.0" encoding="UTF-8"?>
<!DOCTYPE html PUBLIC "-//W3C//DTD XHTML 1.0 Transitional//EN"
    "http://www.w3.org/TR/xhtml1/DTD/xhtml1-transitional.dtd">
<html xmlns="http://www.w3.org/1999/xhtml" xml:lang="en" lang="en">
 <head>
  <title>
</title>
<meta http-equiv="Content-Type" content="text/html;charset=utf-8" />
  <meta name='ocr-system' content='tesseract 3.04.00' />
  <meta name='ocr-capabilities' content='ocr_page ocr_carea ocr_par ocr_line ocrx_word'/>
</head>
<body>
  <div class='ocr_page' id='page_1' title='image "./jordanibruninol03brungoog_0117.png"; bbox 0 0 3414 5122; ppageno 0'>
   <div class='ocr_carea' id='block_1_1' title="bbox 309 404 1014 462">
    <p class='ocr_par' dir='ltr' id='par_1_1' title="bbox 309 404 1014 462">
     <span class='ocr_line' id='line_1_1' title="bbox 309 404 1014 462; baseline -0.001 -1"><span class='ocrx_word' id='word_1_1' title='bbox 309 404 366 462; x_wconf 84' lang='grc'>106</span> <span class='ocrx_word' id='word_1_2' title='bbox 751 416 890 461; x_wconf 79' lang='lat' dir='ltr'>renuam</span> <span class='ocrx_word' id='word_1_3' title='bbox 913 416 1014 461; x_wconf 79' lang='lat' dir='ltr'>anum</span> 
     </span>
    </p>
   </div>
   <div class='ocr_carea' id='block_1_2' title="bbox 247 567 1454 1794">
    <p class='ocr_par' dir='ltr' id='par_1_2' title="bbox 247 567 1454 1794">
     <span class='ocr_line' id='line_1_2' title="bbox 308 567 1450 659; baseline -0.003 -21"><span class='ocrx_word' id='word_1_4' title='bbox 308 573 462 639; x_wconf 86' lang='lat' dir='ltr'>virorum</span> <span class='ocrx_word' id='word_1_5' title='bbox 484 573 661 659; x_wconf 64' lang='lat' dir='ltr'>insigniis</span> <span class='ocrx_word' id='word_1_6' title='bbox 686 572 933 659; x_wconf 83' lang='lat' dir='ltr'>insignitorum</span> <span class='ocrx_word' id='word_1_7' title='bbox 957 573 1165 655; x_wconf 61' lang='lat' dir='ltr'>actionibus</span> <span class='ocrx_word' id='word_1_8' title='bbox 1191 571 1369 658; x_wconf 78' lang='lat' dir='ltr'>agentium</span> <span class='ocrx_word' id='word_1_9' title='bbox 1395 567 1450 634; x_wconf 88' lang='lat' dir='ltr'>ad·</span> 
     </span>
     <span class='ocr_line' id='line_1_3' title="bbox 309 696 1452 786; baseline -0.003 -21"><span class='ocrx_word' id='word_1_10' title='bbox 309 701 511 765; x_wconf 72' lang='lat' dir='ltr'>sistentibus</span> <span class='ocrx_word' id='word_1_11' title='bbox 535 708 639 786; x_wconf 87' lang='lat' dir='ltr'>atque</span> <span class='ocrx_word' id='word_1_12' title='bbox 664 700 984 782; x_wconf 57' lang='lat' dir='ltr'>circumstantibus</span> <span class='ocrx_word' id='word_1_13' title='bbox 1005 699 1204 766; x_wconf 87' lang='lat' dir='ltr'>ordinatum</span> <span class='ocrx_word' id='word_1_14' title='bbox 1228 704 1345 784; x_wconf 85' lang='lat' dir='ltr'>(prout</span> <span class='ocrx_word' id='word_1_15' title='bbox 1369 696 1452 761; x_wconf 90' lang='lat' dir='ltr'>idio·</span> 
     </span>
     <span class='ocr_line' id='line_1_4' title="bbox 308 824 1451 911; baseline 0.001 -21"><span class='ocrx_word' id='word_1_16' title='bbox 308 826 411 890; x_wconf 86' lang='lat' dir='ltr'>matis</span> <span class='ocrx_word' id='word_1_17' title='bbox 437 826 547 911; x_wconf 86' lang='lat' dir='ltr'>exigit</span> <span class='ocrx_word' id='word_1_18' title='bbox 571 827 672 909; x_wconf 86' lang='lat' dir='ltr'>ratio)</span> <span class='ocrx_word' id='word_1_19' title='bbox 697 825 988 891; x_wconf 86' lang='lat' dir='ltr'>combinatorium</span> <span class='ocrx_word' id='word_1_20' title='bbox 1016 824 1158 911; x_wconf 76' lang='lat' dir='ltr'>perfeci,</span> <span class='ocrx_word' id='word_1_21' title='bbox 1185 825 1309 910; x_wconf 91' lang='lat' dir='ltr'>quibus</span> <span class='ocrx_word' id='word_1_22' title='bbox 1333 825 1451 891; x_wconf 89' lang='lat' dir='ltr'>sedulo</span> 
     </span>
     <span class='ocr_line' id='line_1_5' title="bbox 309 950 1452 1039; baseline 0.003 -25"><span class='ocrx_word' id='word_1_23' title='bbox 309 950 478 1039; x_wconf 86' lang='lat' dir='ltr'>expeditis</span> <span class='ocrx_word' id='word_1_24' title='bbox 497 953 660 1038; x_wconf 88' lang='lat' dir='ltr'>patriam,</span> <span class='ocrx_word' id='word_1_25' title='bbox 681 953 718 1017; x_wconf 90' lang='lat' dir='ltr'>iu</span> <span class='ocrx_word' id='word_1_26' title='bbox 738 953 806 1036; x_wconf 75' lang='lat' dir='ltr'>q&#39;ua</span> <span class='ocrx_word' id='word_1_27' title='bbox 825 952 1002 1018; x_wconf 89' lang='lat' dir='ltr'>actionum</span> <span class='ocrx_word' id='word_1_28' title='bbox 1022 953 1201 1039; x_wconf 86' lang='lat' dir='ltr'>supposita</span> <span class='ocrx_word' id='word_1_29' title='bbox 1221 953 1262 1017; x_wconf 89' lang='lat' dir='ltr'>de</span> <span class='ocrx_word' id='word_1_30' title='bbox 1280 952 1394 1039; x_wconf 87' lang='lat' dir='ltr'>primo</span> <span class='ocrx_word' id='word_1_31' title='bbox 1414 952 1452 1017; x_wconf 89' lang='lat' dir='ltr'>in</span> 
     </span>
     <span class='ocr_line' id='line_1_6' title="bbox 265 1077 1451 1166; baseline -0.001 -22"><span class='ocrx_word' id='word_1_32' title='bbox 265 1077 496 1144; x_wconf 79' lang='lat' dir='ltr'>bsecundum</span> <span class='ocrx_word' id='word_1_33' title='bbox 530 1087 646 1143; x_wconf 86' lang='lat' dir='ltr'>actum</span> <span class='ocrx_word' id='word_1_34' title='bbox 680 1077 874 1166; x_wconf 78' lang='lat' dir='ltr'>prodirent,</span> <span class='ocrx_word' id='word_1_35' title='bbox 906 1079 1007 1165; x_wconf 85' lang='lat' dir='ltr'>elegi;</span> <span class='ocrx_word' id='word_1_36' title='bbox 1033 1077 1230 1163; x_wconf 75' lang='lat' dir='ltr'>ibidemque</span> <span class='ocrx_word' id='word_1_37' title='bbox 1263 1078 1307 1143; x_wconf 89' lang='lat' dir='ltr'>ad</span> <span class='ocrx_word' id='word_1_38' title='bbox 1337 1078 1451 1143; x_wconf 89' lang='lat' dir='ltr'>locum</span> 
     </span>
     <span class='ocr_line' id='line_1_7' title="bbox 310 1203 1453 1290; baseline 0 -22"><span class='ocrx_word' id='word_1_39' title='bbox 310 1204 502 1290; x_wconf 86' lang='lat' dir='ltr'>proprium,</span> <span class='ocrx_word' id='word_1_40' title='bbox 536 1210 710 1290; x_wconf 83' lang='lat' dir='ltr'>agentem,</span> <span class='ocrx_word' id='word_1_41' title='bbox 740 1204 910 1270; x_wconf 79' lang='lat' dir='ltr'>actionem</span> <span class='ocrx_word' id='word_1_42' title='bbox 944 1209 1128 1290; x_wconf 90' lang='lat' dir='ltr'>actumque</span> <span class='ocrx_word' id='word_1_43' title='bbox 1158 1203 1381 1286; x_wconf 86' lang='lat' dir='ltr'>contrahens,</span> <span class='ocrx_word' id='word_1_44' title='bbox 1411 1226 1453 1268; x_wconf 87' lang='lat' dir='ltr'>ex</span> 
     </span>
     <span class='ocr_line' id='line_1_8' title="bbox 312 1328 1453 1416; baseline 0.001 -23"><span class='ocrx_word' id='word_1_45' title='bbox 312 1328 480 1394; x_wconf 87' lang='lat' dir='ltr'>adiective</span> <span class='ocrx_word' id='word_1_46' title='bbox 508 1329 564 1394; x_wconf 88' lang='lat' dir='ltr'>vel</span> <span class='ocrx_word' id='word_1_47' title='bbox 592 1329 823 1414; x_wconf 74' lang='lat' dir='ltr'>substantive,</span> <span class='ocrx_word' id='word_1_48' title='bbox 850 1329 1092 1396; x_wconf 79' lang='lat' dir='ltr'>antecedenter</span> <span class='ocrx_word' id='word_1_49' title='bbox 1119 1330 1175 1394; x_wconf 89' lang='lat' dir='ltr'>vel</span> <span class='ocrx_word' id='word_1_50' title='bbox 1204 1337 1453 1416; x_wconf 87' lang='lat' dir='ltr'>consequenter</span> 
     </span>
     <span class='ocr_line' id='line_1_9' title="bbox 309 1455 1453 1542; baseline 0.002 -23"><span class='ocrx_word' id='word_1_51' title='bbox 309 1455 365 1520; x_wconf 87' lang='lat' dir='ltr'>vel</span> <span class='ocrx_word' id='word_1_52' title='bbox 381 1455 653 1521; x_wconf 87' lang='lat' dir='ltr'>concomitanter</span> <span class='ocrx_word' id='word_1_53' title='bbox 670 1455 849 1542; x_wconf 86' lang='lat' dir='ltr'>appositis,</span> <span class='ocrx_word' id='word_1_54' title='bbox 871 1456 1105 1522; x_wconf 86' lang='lat' dir='ltr'>substantiam</span> <span class='ocrx_word' id='word_1_55' title='bbox 1120 1455 1175 1521; x_wconf 84' lang='lat' dir='ltr'>vel</span> <span class='ocrx_word' id='word_1_56' title='bbox 1193 1455 1362 1541; x_wconf 81' lang='lat' dir='ltr'>accidens,</span> <span class='ocrx_word' id='word_1_57' title='bbox 1380 1479 1453 1521; x_wconf 88' lang='lat' dir='ltr'>rem</span> 
     </span>
     <span class='ocr_line' id='line_1_10' title="bbox 310 1579 1454 1668; baseline 0.001 -23"><span class='ocrx_word' id='word_1_58' title='bbox 310 1580 366 1645; x_wconf 81' lang='lat' dir='ltr'>vel</span> <span class='ocrx_word' id='word_1_59' title='bbox 387 1579 630 1663; x_wconf 89' lang='lat' dir='ltr'>intentionem,</span> <span class='ocrx_word' id='word_1_60' title='bbox 650 1581 821 1646; x_wconf 84' lang='lat' dir='ltr'>actionem</span> <span class='ocrx_word' id='word_1_61' title='bbox 840 1581 895 1647; x_wconf 92' lang='lat' dir='ltr'>vel</span> <span class='ocrx_word' id='word_1_62' title='bbox 914 1581 1125 1668; x_wconf 80' lang='lat' dir='ltr'>passionem,</span> <span class='ocrx_word' id='word_1_63' title='bbox 1142 1583 1197 1646; x_wconf 86' lang='lat' dir='ltr'>vel</span> <span class='ocrx_word' id='word_1_64' title='bbox 1213 1581 1316 1647; x_wconf 89' lang='lat' dir='ltr'>aliam</span> <span class='ocrx_word' id='word_1_65' title='bbox 1337 1604 1454 1666; x_wconf 89' lang='lat' dir='ltr'>quam-</span> 
     </span>
     <span class='ocr_line' id='line_1_11' title="bbox 247 1705 1452 1794; baseline -0.001 -22"><span class='ocrx_word' id='word_1_66' title='bbox 247 1710 288 1772; x_wconf 86' lang='lat'>10</span> <span class='ocrx_word' id='word_1_67' title='bbox 312 1728 457 1790; x_wconf 88' lang='lat' dir='ltr'>cumque</span> <span class='ocrx_word' id='word_1_68' title='bbox 477 1705 692 1772; x_wconf 88' lang='lat' dir='ltr'>referendam</span> <span class='ocrx_word' id='word_1_69' title='bbox 713 1706 941 1772; x_wconf 88' lang='lat' dir='ltr'>intentionem</span> <span class='ocrx_word' id='word_1_70' title='bbox 966 1707 1009 1772; x_wconf 89' lang='lat' dir='ltr'>ob</span> <span class='ocrx_word' id='word_1_71' title='bbox 1034 1708 1149 1773; x_wconf 89' lang='lat' dir='ltr'>oeulos</span> <span class='ocrx_word' id='word_1_72' title='bbox 1168 1728 1341 1794; x_wconf 86' lang='lat' dir='ltr'>apponere</span> <span class='ocrx_word' id='word_1_73' title='bbox 1359 1707 1452 1773; x_wconf 82' lang='lat' dir='ltr'>novi.</span> 
     </span>
    </p>
   </div>
   <div class='ocr_carea' id='block_1_3' title="bbox 384 2051 1388 2243">
    <p class='ocr_par' dir='ltr' id='par_1_3' title="bbox 384 2051 1388 2243">
     <span class='ocr_line' id='line_1_12' title="bbox 384 2051 1388 2118; baseline 0.002 -2"><span class='ocrx_word' id='word_1_74' title='bbox 384 2052 616 2118; x_wconf 82' lang='lat' dir='ltr'><strong>TRIGINTA</strong></span> <span class='ocrx_word' id='word_1_75' title='bbox 650 2051 919 2117; x_wconf 83' lang='lat' dir='ltr'><strong>FORMARVM</strong></span> <span class='ocrx_word' id='word_1_76' title='bbox 952 2051 1050 2117; x_wconf 88' lang='lat' dir='ltr'>NON</span> <span class='ocrx_word' id='word_1_77' title='bbox 1086 2051 1388 2118; x_wconf 86' lang='lat' dir='ltr'>SENSIBILIVM</span> 
     </span>
     <span class='ocr_line' id='line_1_13' title="bbox 483 2177 1282 2243; baseline 0.001 -1"><span class='ocrx_word' id='word_1_78' title='bbox 483 2179 546 2242; x_wconf 79' lang='lat' dir='ltr'>Du</span> <span class='ocrx_word' id='word_1_79' title='bbox 585 2178 907 2243; x_wconf 82' lang='lat' dir='ltr'>SENSIBILIBVS</span> <span class='ocrx_word' id='word_1_80' title='bbox 943 2177 1282 2243; x_wconf 83' lang='lat' dir='ltr'><strong>DEDVOTIONES.</strong></span> 
     </span>
    </p>
   </div>
   <div class='ocr_carea' id='block_1_4' title="bbox 313 2443 1564 2657">
    <p class='ocr_par' dir='ltr' id='par_1_4' title="bbox 313 2443 1564 2657">
     <span class='ocr_line' id='line_1_14' title="bbox 403 2443 1454 2530; baseline -0.003 -22"><span class='ocrx_word' id='word_1_81' title='bbox 403 2444 615 2530; x_wconf 86' lang='lat' dir='ltr'>Praepositis</span> <span class='ocrx_word' id='word_1_82' title='bbox 649 2443 735 2509; x_wconf 90' lang='lat' dir='ltr'>adde</span> <span class='ocrx_word' id='word_1_83' title='bbox 766 2444 858 2529; x_wconf 88' lang='lat' dir='ltr'>quod</span> <span class='ocrx_word' id='word_1_84' title='bbox 881 2444 1056 2510; x_wconf 86' lang='lat' dir='ltr'>naturales</span> <span class='ocrx_word' id='word_1_85' title='bbox 1089 2446 1144 2510; x_wconf 78' lang='lat' dir='ltr'>vel</span> <span class='ocrx_word' id='word_1_86' title='bbox 1171 2445 1208 2510; x_wconf 93' lang='lat' dir='ltr'>in</span> <span class='ocrx_word' id='word_1_87' title='bbox 1236 2443 1454 2510; x_wconf 83' lang='lat' dir='ltr'>naturalibus</span> 
     </span>
     <span class='ocr_line' id='line_1_15' title="bbox 313 2569 1564 2657; baseline -0.004 -22"><span class='ocrx_word' id='word_1_88' title='bbox 313 2593 374 2657; x_wconf 90' lang='lat' dir='ltr'>per</span> <span class='ocrx_word' id='word_1_89' title='bbox 399 2576 508 2636; x_wconf 82' lang='lat' dir='ltr'>arteni</span> <span class='ocrx_word' id='word_1_90' title='bbox 532 2569 689 2635; x_wconf 88' lang='lat' dir='ltr'>effinotae</span> <span class='ocrx_word' id='word_1_91' title='bbox 713 2570 858 2652; x_wconf 85' lang='lat' dir='ltr'>formae,</span> <span class='ocrx_word' id='word_1_92' title='bbox 879 2570 920 2635; x_wconf 89' lang='lat' dir='ltr'>de</span> <span class='ocrx_word' id='word_1_93' title='bbox 944 2579 1085 2635; x_wconf 82' lang='lat' dir='ltr'>externo</span> <span class='ocrx_word' id='word_1_94' title='bbox 1105 2571 1141 2635; x_wconf 90' lang='lat' dir='ltr'>in</span> <span class='ocrx_word' id='word_1_95' title='bbox 1161 2571 1337 2636; x_wconf 90' lang='lat' dir='ltr'>internum</span> <span class='ocrx_word' id='word_1_96' title='bbox 1359 2571 1363 2656; x_wconf 75' lang='lat' dir='ltr'>l</span> <span class='ocrx_word' id='word_1_97' title='bbox 1384 2592 1457 2633; x_wconf 90' lang='lat' dir='ltr'>sen·</span> <span class='ocrx_word' id='word_1_98' title='bbox 1483 2569 1564 2631; x_wconf 82' lang='lat' dir='ltr'>16v</span> 
     </span>
    </p>
   </div>
   <div class='ocr_carea' id='block_1_5' title="bbox 248 2695 1454 2784">
    <p class='ocr_par' dir='ltr' id='par_1_5' title="bbox 248 2695 1454 2784">
     <span class='ocr_line' id='line_1_16' title="bbox 248 2695 1454 2784; baseline -0.003 -23"><span class='ocrx_word' id='word_1_99' title='bbox 248 2707 288 2770; x_wconf 81' lang='lat'>15</span> <span class='ocrx_word' id='word_1_100' title='bbox 314 2720 388 2762; x_wconf 90' lang='lat' dir='ltr'>sum</span> <span class='ocrx_word' id='word_1_101' title='bbox 418 2696 620 2784; x_wconf 87' lang='lat' dir='ltr'>irrepentes,</span> <span class='ocrx_word' id='word_1_102' title='bbox 645 2703 680 2760; x_wconf 90' lang='lat' dir='ltr'>et</span> <span class='ocrx_word' id='word_1_103' title='bbox 704 2704 865 2762; x_wconf 88' lang='lat' dir='ltr'>accurata</span> <span class='ocrx_word' id='word_1_104' title='bbox 888 2695 1072 2781; x_wconf 84' lang='lat' dir='ltr'>quiditate,</span> <span class='ocrx_word' id='word_1_105' title='bbox 1092 2696 1347 2782; x_wconf 84' lang='lat' dir='ltr'>magnitudine,</span> <span class='ocrx_word' id='word_1_106' title='bbox 1367 2695 1454 2760; x_wconf 88' lang='lat' dir='ltr'>mul-</span> 
     </span>
    </p>
   </div>
   <div class='ocr_carea' id='block_1_6' title="bbox 312 2819 1455 2908">
    <p class='ocr_par' dir='ltr' id='par_1_6' title="bbox 312 2819 1455 2908">
     <span class='ocr_line' id='line_1_17' title="bbox 312 2819 1455 2908; baseline -0.004 -22"><span class='ocrx_word' id='word_1_107' title='bbox 312 2821 475 2905; x_wconf 86' lang='lat' dir='ltr'>titudine,</span> <span class='ocrx_word' id='word_1_108' title='bbox 506 2821 643 2905; x_wconf 87' lang='lat' dir='ltr'>habitu,</span> <span class='ocrx_word' id='word_1_109' title='bbox 674 2822 914 2908; x_wconf 89' lang='lat' dir='ltr'>dispositione,</span> <span class='ocrx_word' id='word_1_110' title='bbox 946 2822 1142 2904; x_wconf 84' lang='lat' dir='ltr'>affectione,</span> <span class='ocrx_word' id='word_1_111' title='bbox 1177 2821 1301 2905; x_wconf 87' lang='lat' dir='ltr'>colore,</span> <span class='ocrx_word' id='word_1_112' title='bbox 1330 2819 1455 2904; x_wconf 81' lang='lat' dir='ltr'>forma,</span> 
     </span>
    </p>
   </div>
   <div class='ocr_carea' id='block_1_7' title="bbox 244 2946 1457 4290">
    <p class='ocr_par' dir='ltr' id='par_1_7' title="bbox 312 2946 1457 3033">
     <span class='ocr_line' id='line_1_18' title="bbox 312 2946 1457 3033; baseline 0 -22"><span class='ocrx_word' id='word_1_113' title='bbox 312 2948 437 3032; x_wconf 82' lang='lat' dir='ltr'>figura,</span> <span class='ocrx_word' id='word_1_114' title='bbox 457 2946 662 3012; x_wconf 87' lang='lat' dir='ltr'>habitudine</span> <span class='ocrx_word' id='word_1_115' title='bbox 687 2946 730 3012; x_wconf 91' lang='lat' dir='ltr'>ad</span> <span class='ocrx_word' id='word_1_116' title='bbox 754 2947 962 3032; x_wconf 88' lang='lat' dir='ltr'>subiectum,</span> <span class='ocrx_word' id='word_1_117' title='bbox 988 2948 1032 3013; x_wconf 88' lang='lat' dir='ltr'>ad</span> <span class='ocrx_word' id='word_1_118' title='bbox 1055 2946 1237 3012; x_wconf 89' lang='lat' dir='ltr'>continens</span> <span class='ocrx_word' id='word_1_119' title='bbox 1256 2947 1457 3033; x_wconf 88' lang='lat' dir='ltr'>applicatio-</span> 
     </span>
    </p>

    <p class='ocr_par' dir='ltr' id='par_1_8' title="bbox 312 3072 1455 3160">
     <span class='ocr_line' id='line_1_19' title="bbox 312 3072 1455 3160; baseline 0.001 -25"><span class='ocrx_word' id='word_1_120' title='bbox 312 3094 367 3154; x_wconf 86' lang='lat' dir='ltr'>ne,</span> <span class='ocrx_word' id='word_1_121' title='bbox 389 3072 569 3137; x_wconf 82' lang='lat' dir='ltr'>activitate</span> <span class='ocrx_word' id='word_1_122' title='bbox 587 3073 799 3160; x_wconf 86' lang='lat' dir='ltr'>peremnia,</span> <span class='ocrx_word' id='word_1_123' title='bbox 819 3072 1016 3139; x_wconf 83' lang='lat' dir='ltr'>motivitate</span> <span class='ocrx_word' id='word_1_124' title='bbox 1036 3073 1072 3137; x_wconf 89' lang='lat' dir='ltr'>in</span> <span class='ocrx_word' id='word_1_125' title='bbox 1097 3073 1177 3156; x_wconf 87' lang='lat' dir='ltr'>alia,</span> <span class='ocrx_word' id='word_1_126' title='bbox 1198 3072 1392 3138; x_wconf 89' lang='lat' dir='ltr'>mobilitate</span> <span class='ocrx_word' id='word_1_127' title='bbox 1412 3073 1455 3137; x_wconf 87' lang='lat' dir='ltr'>ab</span> 
     </span>
    </p>

    <p class='ocr_par' dir='ltr' id='par_1_9' title="bbox 313 3197 1455 3283">
     <span class='ocr_line' id='line_1_20' title="bbox 313 3197 1455 3283; baseline -0.001 -21"><span class='ocrx_word' id='word_1_128' title='bbox 313 3197 404 3279; x_wconf 86' lang='lat' dir='ltr'>aliis,</span> <span class='ocrx_word' id='word_1_129' title='bbox 424 3197 543 3262; x_wconf 90' lang='lat' dir='ltr'>ordine</span> <span class='ocrx_word' id='word_1_130' title='bbox 563 3198 607 3263; x_wconf 87' lang='lat' dir='ltr'>ad</span> <span class='ocrx_word' id='word_1_131' title='bbox 626 3199 709 3283; x_wconf 90' lang='lat' dir='ltr'>alia,</span> <span class='ocrx_word' id='word_1_132' title='bbox 727 3199 915 3264; x_wconf 89' lang='lat' dir='ltr'>situatione</span> <span class='ocrx_word' id='word_1_133' title='bbox 935 3222 1012 3264; x_wconf 85' lang='lat' dir='ltr'>cum</span> <span class='ocrx_word' id='word_1_134' title='bbox 1027 3198 1118 3282; x_wconf 87' lang='lat' dir='ltr'>aliis,</span> <span class='ocrx_word' id='word_1_135' title='bbox 1139 3221 1290 3265; x_wconf 89' lang='lat' dir='ltr'>necnon</span> <span class='ocrx_word' id='word_1_136' title='bbox 1309 3198 1455 3263; x_wconf 82' lang='lat' dir='ltr'>aliorum</span> 
     </span>
    </p>

    <p class='ocr_par' dir='ltr' id='par_1_10' title="bbox 244 3323 1456 3409">
     <span class='ocr_line' id='line_1_21' title="bbox 244 3323 1456 3409; baseline -0.001 -20"><span class='ocrx_word' id='word_1_137' title='bbox 244 3326 288 3391; x_wconf 78' lang='lat'>20</span> <span class='ocrx_word' id='word_1_138' title='bbox 310 3323 535 3409; x_wconf 86' lang='lat' dir='ltr'>possessione,</span> <span class='ocrx_word' id='word_1_139' title='bbox 554 3324 791 3403; x_wconf 84' lang='lat' dir='ltr'>consistentia,</span> <span class='ocrx_word' id='word_1_140' title='bbox 808 3324 1069 3390; x_wconf 87' lang='lat' dir='ltr'>circumstantia</span> <span class='ocrx_word' id='word_1_141' title='bbox 1087 3333 1121 3389; x_wconf 91' lang='lat' dir='ltr'>et</span> <span class='ocrx_word' id='word_1_142' title='bbox 1139 3323 1342 3390; x_wconf 77' lang='lat' dir='ltr'>adsistentis</span> <span class='ocrx_word' id='word_1_143' title='bbox 1361 3346 1456 3388; x_wconf 85' lang='lat' dir='ltr'>cxco-</span> 
     </span>
    </p>

    <p class='ocr_par' dir='ltr' id='par_1_11' title="bbox 311 3448 1453 3662">
     <span class='ocr_line' id='line_1_22' title="bbox 311 3448 1453 3535; baseline 0 -23"><span class='ocrx_word' id='word_1_144' title='bbox 311 3448 456 3535; x_wconf 82' lang='lat' dir='ltr'>gitatae,</span> <span class='ocrx_word' id='word_1_145' title='bbox 477 3448 625 3534; x_wconf 81' lang='lat' dir='ltr'>triginta</span> <span class='ocrx_word' id='word_1_146' title='bbox 644 3449 755 3514; x_wconf 84' lang='lat' dir='ltr'>modis</span> <span class='ocrx_word' id='word_1_147' title='bbox 776 3448 864 3514; x_wconf 90' lang='lat' dir='ltr'>aliae</span> <span class='ocrx_word' id='word_1_148' title='bbox 888 3450 1104 3514; x_wconf 86' lang='lat' dir='ltr'>deducuntur</span> <span class='ocrx_word' id='word_1_149' title='bbox 1128 3472 1169 3514; x_wconf 87' lang='lat' dir='ltr'>ex</span> <span class='ocrx_word' id='word_1_150' title='bbox 1193 3449 1286 3532; x_wconf 88' lang='lat' dir='ltr'>aliis,</span> <span class='ocrx_word' id='word_1_151' title='bbox 1308 3471 1453 3534; x_wconf 89' lang='lat' dir='ltr'>quorum</span> 
     </span>
     <span class='ocr_line' id='line_1_23' title="bbox 311 3574 1377 3662; baseline 0.001 -24"><span class='ocrx_word' id='word_1_152' title='bbox 311 3574 508 3659; x_wconf 87' lang='lat' dir='ltr'>quindecim</span> <span class='ocrx_word' id='word_1_153' title='bbox 527 3575 713 3662; x_wconf 74' lang='lat' dir='ltr'>simplioeS,</span> <span class='ocrx_word' id='word_1_154' title='bbox 732 3575 879 3641; x_wconf 87' lang='lat' dir='ltr'>totidem</span> <span class='ocrx_word' id='word_1_155' title='bbox 898 3595 978 3641; x_wconf 87' lang='lat' dir='ltr'>vero</span> <span class='ocrx_word' id='word_1_156' title='bbox 999 3574 1193 3641; x_wconf 82' lang='lat' dir='ltr'>conversivi</span> <span class='ocrx_word' id='word_1_157' title='bbox 1213 3576 1377 3640; x_wconf 84' lang='lat' dir='ltr'>existunt.</span> 
     </span>
    </p>

    <p class='ocr_par' dir='ltr' id='par_1_12' title="bbox 398 3699 1454 3786">
     <span class='ocr_line' id='line_1_24' title="bbox 398 3699 1454 3786; baseline 0 -21"><span class='ocrx_word' id='word_1_158' title='bbox 398 3699 557 3765; x_wconf 85' lang='lat' dir='ltr'>Primum</span> <span class='ocrx_word' id='word_1_159' title='bbox 577 3700 857 3786; x_wconf 84' lang='lat' dir='ltr'>quindenarium:</span> <span class='ocrx_word' id='word_1_160' title='bbox 881 3703 909 3765; x_wconf 85' lang='lat'>1.</span> <span class='ocrx_word' id='word_1_161' title='bbox 929 3701 970 3765; x_wconf 91' lang='lat' dir='ltr'>de</span> <span class='ocrx_word' id='word_1_162' title='bbox 990 3700 1113 3766; x_wconf 88' lang='lat' dir='ltr'>habitu</span> <span class='ocrx_word' id='word_1_163' title='bbox 1133 3709 1274 3767; x_wconf 87' lang='lat' dir='ltr'>externo</span> <span class='ocrx_word' id='word_1_164' title='bbox 1293 3702 1331 3767; x_wconf 91' lang='lat' dir='ltr'>iu</span> <span class='ocrx_word' id='word_1_165' title='bbox 1350 3701 1454 3766; x_wconf 85' lang='lat' dir='ltr'>intor-</span> 
     </span>
    </p>

    <p class='ocr_par' dir='ltr' id='par_1_13' title="bbox 311 3824 1452 3913">
     <span class='ocr_line' id='line_1_25' title="bbox 311 3824 1452 3913; baseline 0.003 -25"><span class='ocrx_word' id='word_1_166' title='bbox 311 3847 394 3889; x_wconf 89' lang='lat' dir='ltr'>num</span> <span class='ocrx_word' id='word_1_167' title='bbox 414 3824 589 3909; x_wconf 89' lang='lat' dir='ltr'>habitum,</span> <span class='ocrx_word' id='word_1_168' title='bbox 610 3828 640 3890; x_wconf 69' lang='lat'>2.</span> <span class='ocrx_word' id='word_1_169' title='bbox 660 3826 702 3891; x_wconf 92' lang='lat' dir='ltr'>de</span> <span class='ocrx_word' id='word_1_170' title='bbox 722 3826 922 3913; x_wconf 87' lang='lat' dir='ltr'>operatione</span> <span class='ocrx_word' id='word_1_171' title='bbox 941 3825 978 3890; x_wconf 88' lang='lat' dir='ltr'>in</span> <span class='ocrx_word' id='word_1_172' title='bbox 997 3825 1200 3892; x_wconf 85' lang='lat' dir='ltr'>facultatem</span> <span class='ocrx_word' id='word_1_173' title='bbox 1215 3835 1317 3912; x_wconf 86' lang='lat' dir='ltr'>utque</span> <span class='ocrx_word' id='word_1_174' title='bbox 1331 3833 1452 3913; x_wconf 88' lang='lat' dir='ltr'>poten·</span> 
     </span>
    </p>

    <p class='ocr_par' dir='ltr' id='par_1_14' title="bbox 244 3951 1452 4036">
     <span class='ocr_line' id='line_1_26' title="bbox 244 3951 1452 4036; baseline -0.002 -17"><span class='ocrx_word' id='word_1_175' title='bbox 244 3957 287 4019; x_wconf 82' lang='lat'>25</span> <span class='ocrx_word' id='word_1_176' title='bbox 311 3951 412 4034; x_wconf 88' lang='lat' dir='ltr'>tiam,</span> <span class='ocrx_word' id='word_1_177' title='bbox 434 3955 464 4017; x_wconf 84' lang='lat'>3.</span> <span class='ocrx_word' id='word_1_178' title='bbox 484 3953 526 4018; x_wconf 90' lang='lat' dir='ltr'>de</span> <span class='ocrx_word' id='word_1_179' title='bbox 545 3951 657 4018; x_wconf 86' lang='lat' dir='ltr'>medio</span> <span class='ocrx_word' id='word_1_180' title='bbox 672 3960 706 4016; x_wconf 91' lang='lat' dir='ltr'>et</span> <span class='ocrx_word' id='word_1_181' title='bbox 723 3953 822 4019; x_wconf 89' lang='lat' dir='ltr'>finito</span> <span class='ocrx_word' id='word_1_182' title='bbox 838 3953 875 4019; x_wconf 93' lang='lat' dir='ltr'>in</span> <span class='ocrx_word' id='word_1_183' title='bbox 888 3962 1081 4019; x_wconf 79' lang='lat' dir='ltr'>extremuni</span> <span class='ocrx_word' id='word_1_184' title='bbox 1100 3961 1134 4019; x_wconf 89' lang='lat' dir='ltr'>et</span> <span class='ocrx_word' id='word_1_185' title='bbox 1154 3954 1343 4036; x_wconf 89' lang='lat' dir='ltr'>infinitum,</span> <span class='ocrx_word' id='word_1_186' title='bbox 1364 3955 1393 4019; x_wconf 77' lang='lat' dir='ltr'>d.</span> <span class='ocrx_word' id='word_1_187' title='bbox 1411 3954 1452 4018; x_wconf 91' lang='lat' dir='ltr'>de</span> 
     </span>
    </p>

    <p class='ocr_par' dir='ltr' id='par_1_15' title="bbox 311 4075 1453 4167">
     <span class='ocr_line' id='line_1_27' title="bbox 311 4075 1453 4167; baseline 0.004 -27"><span class='ocrx_word' id='word_1_188' title='bbox 311 4075 445 4162; x_wconf 84' lang='lat' dir='ltr'>insigni</span> <span class='ocrx_word' id='word_1_189' title='bbox 465 4076 502 4142; x_wconf 91' lang='lat' dir='ltr'>iu</span> <span class='ocrx_word' id='word_1_190' title='bbox 521 4078 742 4164; x_wconf 85' lang='lat' dir='ltr'>insignitum,</span> <span class='ocrx_word' id='word_1_191' title='bbox 763 4082 792 4144; x_wconf 82' lang='lat'>5.</span> <span class='ocrx_word' id='word_1_192' title='bbox 813 4080 854 4145; x_wconf 88' lang='lat' dir='ltr'>de</span> <span class='ocrx_word' id='word_1_193' title='bbox 872 4080 1132 4167; x_wconf 77' lang='lat' dir='ltr'>hieroglyphice</span> <span class='ocrx_word' id='word_1_194' title='bbox 1153 4080 1307 4145; x_wconf 87' lang='lat' dir='ltr'>insnum</span> <span class='ocrx_word' id='word_1_195' title='bbox 1329 4084 1453 4147; x_wconf 80' lang='lat' dir='ltr'>couno·</span> 
     </span>
    </p>

    <p class='ocr_par' dir='ltr' id='par_1_16' title="bbox 310 4203 1454 4290">
     <span class='ocr_line' id='line_1_28' title="bbox 310 4203 1454 4290; baseline 0.002 -23"><span class='ocrx_word' id='word_1_196' title='bbox 310 4208 437 4285; x_wconf 86' lang='lat' dir='ltr'>tatum,</span> <span class='ocrx_word' id='word_1_197' title='bbox 459 4205 488 4266; x_wconf 84' lang='grc'>6.</span> <span class='ocrx_word' id='word_1_198' title='bbox 509 4203 550 4267; x_wconf 90' lang='lat' dir='ltr'>de</span> <span class='ocrx_word' id='word_1_199' title='bbox 569 4203 803 4289; x_wconf 87' lang='lat' dir='ltr'>metaphorice</span> <span class='ocrx_word' id='word_1_200' title='bbox 828 4204 864 4268; x_wconf 89' lang='lat' dir='ltr'>in</span> <span class='ocrx_word' id='word_1_201' title='bbox 888 4227 987 4269; x_wconf 83' lang='lat' dir='ltr'>suurn</span> <span class='ocrx_word' id='word_1_202' title='bbox 1010 4205 1181 4290; x_wconf 89' lang='lat' dir='ltr'>naturale,</span> <span class='ocrx_word' id='word_1_203' title='bbox 1208 4207 1237 4271; x_wconf 79' lang='lat'>7.</span> <span class='ocrx_word' id='word_1_204' title='bbox 1263 4205 1304 4270; x_wconf 88' lang='lat' dir='ltr'>de</span> <span class='ocrx_word' id='word_1_205' title='bbox 1328 4205 1454 4271; x_wconf 82' lang='lat' dir='ltr'>instru-</span> 
     </span>
    </p>
   </div>
   <div class='ocr_carea' id='block_1_8' title="bbox 379 4485 1453 4557">
    <p class='ocr_par' dir='ltr' id='par_1_17' title="bbox 379 4485 1453 4557">
     <span class='ocr_line' id='line_1_29' title="bbox 379 4485 1453 4557; baseline 0.006 -22"><span class='ocrx_word' id='word_1_206' title='bbox 379 4485 646 4537; x_wconf 78' lang='lat' dir='ltr'>1.2adsistensibua</span> <span class='ocrx_word' id='word_1_207' title='bbox 677 4486 895 4538; x_wconf 81' lang='lat' dir='ltr'>25extraemun1</span> <span class='ocrx_word' id='word_1_208' title='bbox 928 4486 1162 4556; x_wconf 66' lang='lat' dir='ltr'>ffihieroglyfico</span> <span class='ocrx_word' id='word_1_209' title='bbox 1194 4489 1453 4557; x_wconf 80' lang='lat' dir='ltr'>27methaphorioo</span> 
     </span>
    </p>
   </div>
   <div class='ocr_carea' id='block_1_9' title="bbox 0 0 1717 5122">
    <p class='ocr_par' dir='ltr' id='par_1_18' title="bbox 0 0 1717 5122">
     <span class='ocr_line' id='line_1_30' title="bbox 0 0 1717 5122; baseline 0 0"><span class='ocrx_word' id='word_1_210' title='bbox 0 0 1717 5122; x_wconf 95' lang='lat' dir='ltr'> </span> 
     </span>
    </p>
   </div>
  </div>
 </body>
</html>
