3414 5122
260 379 319 437 236
696 393 836 438 renuam
858 393 961 436 aavm

261 570 413 613 meorum
444 547 773 631 adinventionesque
803 546 971 628 referunt,
1004 547 1281 632 magnit'acienda
1312 547 1400 612 iudi-

262 696 350 755 cem,
380 673 409 738 si
436 680 552 737 tamen
580 672 623 737 ad
646 672 817 757 insignem
837 672 1029 737 doctrinam
1048 672 1324 757 dignitatemque
1344 695 1401 736 ve-

261 805 368 862 stram
384 805 418 862 et
434 797 482 880 id,
501 798 593 882 quod
611 821 653 861 ex
667 821 720 862 me
740 821 853 862 meum
874 797 970 862 robis
990 797 1106 862 efferri
1125 804 1223 885 pute,
1244 798 1399 863 animum

262 922 454 1004 advertere,
485 923 569 987 haec
599 922 686 1009 ipsa,
711 945 806 1007 ,quae
837 923 878 987 de
902 923 1053 987 muneris
1083 923 1252 986 tenuitate
1281 922 1398 1003 retuli,

217 1048 237 1109 5
260 1048 402 1113 minime
421 1049 624 1113 retractabo
646 1047 714 1125 eui
733 1049 824 1113 enim
840 1049 921 1113 hine
940 1049 1019 1132 tibi,
1038 1050 1079 1113 D.
1092 1049 1135 1112 Μ.
1159 1049 1163 1135 l
1185 1047 1283 1131 Otto,
1304 1071 1397 1128 nsua,
1426 1052 1545 1115 629

260 1173 321 1237 ubi
344 1172 432 1237 nihil
451 1196 635 1254 canonum,
661 1173 752 1257 quod
775 1173 825 1237 ita
853 1173 997 1258 dignum
1021 1173 1277 1238 arithmeticum
1303 1179 1401 1237 tuum

260 1279 415 1364 laborem¹
439 1299 617 1365 sublevare
639 1300 768 1386 possit,
793 1299 882 1364 nihil
911 1300 1002 1383 quod
1035 1301 1265 1385 nequicquam
1298 1307 1332 1363 te
1357 1299 1401 1363 ab

260 1423 309 1489 ita
333 1423 442 1489 nobili
466 1424 579 1489 studio
603 1447 673 1489 non
699 1425 938 1489 abstraheret?
964 1425 1031 1502 Qui
1054 1426 1133 1507 tibi,
1159 1447 1272 1510 egreg.
1294 1425 1334 1487 D.
1355 1422 1400 1485 M.

261 1548 411 1629 Granni,
439 1548 498 1633 qui
522 1571 625 1633 quam
649 1550 753 1635 digne
776 1550 1000 1636 professionis
1024 1557 1103 1614 tuae
1127 1550 1269 1614 titulum
1294 1548 1401 1613 fueris

196 1679 236 1741 10
260 1680 476 1759 assequutm,
497 1682 530 1738 et
553 1674 628 1760 ipso
652 1674 751 1739 nobis
776 1677 874 1767 vultu
898 1674 1151 1761 Aristippicum
1176 1696 1320 1739 acumen
1344 1697 1403 1737 na-

258 1807 338 1865 tura
357 1799 440 1865 satis
464 1801 584 1864 testari
609 1800 741 1865 voluit?
764 1799 939 1885 Quidquid
959 1810 1050 1865 certe
1073 1799 1150 1864 aliis
1169 1799 1321 1884 ingeniis
1339 1822 1401 1886 per

259 1925 455 1990 Lullianam
482 1925 718 1991 inventionem
745 1934 860 2012 posset
893 1926 1069 2018 accedere,
1104 1925 1217 2011 ipsum
1255 1925 1298 1988 ab
1327 1925 1402 2011 ipsa

259 2049 390 2138 proprii
407 2050 549 2137 spiritus
570 2051 755 2116 vivacitate
769 2050 942 2137 possidere
963 2051 1099 2115 videris.
1121 2051 1177 2114 An
1197 2058 1231 2114 et
1251 2058 1311 2114 tua
1328 2049 1404 2114 ani-

259 2175 496 2240 madversione
519 2175 682 2261 difgnuni
707 2176 884 2262 quippiam
911 2175 1145 2262 producimus,
1171 2176 1212 2239 D.
1240 2176 1284 2238 M.
1311 2173 1401 2238 And.
1427 2193 1462 2239 a
1487 2180 1544 2242 8v

195 2299 235 2361 lo
259 2301 593 2384 Franckemberger‚
623 2299 716 2365 illins
744 2300 938 2385 dignissimi
971 2302 1082 2365 cultor
1117 2300 1275 2385 artificii,
1310 2303 1402 2386 qued

259 2424 495 2491 admirabilem
516 2425 705 2509 quemlibet
727 2425 887 2490 effectum
911 2449 950 2490 eo
976 2426 1102 2491 illustri
1127 2426 1309 2511 splendore
1327 2450 1403 2493 ver-

259 2550 379 2615 berum
409 2550 598 2632 antecellit,
624 2572 691 2634 que
715 2550 766 2615 ita
792 2550 970 2615 hominum
995 2551 1161 2634 quosdam
1190 2552 1267 2617 Diis
1291 2552 1405 2639 proxi·

259 2676 382 2742 micres
398 2677 584 2742 censendos
598 2700 669 2742 esso
686 2676 855 2760 ducimus,
873 2687 912 2743 ut
928 2680 1039 2765 ipsam
1058 2679 1236 2744 hominum
1255 2680 1402 2766 speciem

260 2800 407 2865 maxime
433 2801 600 2867 facultate
624 2803 791 2868 sermonis
814 2828 832 2867 a
856 2804 1036 2869 brutorum
1057 2803 1287 2868 similitudine
1307 2805 1403 2868 nevi-

194 2931 238 2993 20
261 2949 335 2991 mus
351 2950 422 2992 esse
439 2926 649 2992 seiunctam?
667 2928 758 2992 Num
775 2928 1040 2993 melancholicae
1052 2929 1155 2993 huius
1172 2936 1273 3012 (quae
1289 2928 1403 2993 Lullie

260 3053 471 3136 caeterisque
483 3053 696 3139 philosophis
716 3062 864 3138 cognata
880 3054 1017 3119 videtur
1032 3061 1115 3135 esse)
1130 3053 1302 3119 barbariei
1322 3053 1402 3133 tihi,

260 3177 484 3243 disertissime
503 3180 543 3243 D.
559 3179 602 3242 h.
620 3179 826 3260 Reicharde‚
847 3180 974 3265 poterit
992 3180 1141 3244 arridere
1160 3194 1283 3264 gustus
1300 3185 1404 3262 atque

262 3326 379 3382 senne,
403 3312 481 3390 pest
505 3311 622 3390 epotos
653 3314 829 3369 nectareos
853 3305 959 3369 Tullii
988 3305 1138 3389 liquores
1165 3303 1403 3387 dulcisonique

262 3428 389 3513 eloquii
421 3430 532 3513 (quale
558 3429 654 3493 velut
684 3452 701 3494 e
732 3430 862 3514 campis
886 3430 1002 3515 elysiis
1030 3430 1239 3494 exsuscitare
1270 3428 1405 3507 niteris)

196 3563 239 3624 ‘25
262 3552 421 3617 haustam
452 3553 687 3618 harmoniam?
716 3554 964 3634 Convenietne‚
993 3554 1179 3618 tersissime
1204 3554 1409 3618 cultissima-

263 3700 329 3762 que
346 3680 468 3762 Poeta,
487 3676 528 3743 D.
549 3680 593 3743 M.
614 3678 742 3743 Albine
762 3685 841 3763 (quo
862 3690 992 3744 rectore
1020 3690 1057 3744 ut
1082 3679 1194 3766 prima
1222 3680 1270 3743 ita
1292 3686 1326 3742 et
1345 3699 1407 3764 po-

264 3800 397 3866 tissima
428 3803 622 3868 academiae
652 3827 727 3868 suin
758 3813 917 3891 expertus
950 3805 1090 3888 officia),
1115 3805 1158 3869 ad
1183 3804 1406 3870 blandisonas

264 3926 396 4008 Musae,
416 3930 650 4015 auricomique
670 3931 843 4017 Apollinis
863 3932 1006 4012 cultum,
1029 3954 1219 4017 pannosam
1238 3930 1406 4015 Diogenis

356 4291 371 4337 5
396 4289 466 4351 Quis
488 4291 510 4339 G
587 4292 617 4339 D.
642 4289 678 4338 M.
701 4290 745 4338 P:
777 4290 894 4341 Domine
926 4291 1065 4350 Magister
1092 4290 1138 4352 qui
1157 4292 1189 4340 al
1211 4290 1239 4339 in
1261 4289 1358 4353 saphiro
1385 4290 1409 4335 G

267 4369 534 4435 ‘laec-lquiequam
557 4373 579 4418 (l
642 4370 787 4431 &Quina
852 4374 980 4435 egregrie
1003 4372 1062 4434 (eie)
1081 4372 1202 4420 Domine
1225 4371 1364 4434 Magister
1385 4371 1408 4416 G

267 4450 297 4499 10
313 4450 530 4515 Aristyppicum
545 4450 569 4498 P
632 4452 663 4500 15
680 4450 971 4515 Franckenbergerdl
1033 4454 1065 4502 '20
1083 4451 1285 4501 melancolicae
1299 4449 1350 4498 Pu
