3414 5122
333 460 391 517 246
772 475 910 520 roauaur
934 477 1035 520 narsi

333 653 419 714 eque
439 629 637 694 constitutis
656 629 799 715 syllabis
818 629 862 694 ad
884 630 1109 695 terminorum
1141 653 1200 696 seu
1228 629 1472 694 vocabulorum

333 754 561 840 prolationem
580 754 825 819 manuducitur
844 760 878 818 et
897 755 1167 841 expressionem
1188 755 1238 820 ita
1258 760 1292 818 et
1315 756 1353 818 in
1377 775 1477 839 regu-

333 879 437 944 landa
456 879 607 962 ratione,
627 887 661 944 et
680 879 877 944 intellectus
897 879 1082 944 artificiosa
1111 879 1332 959 formatione,
1364 901 1384 943 a
1404 879 1476 962 qui·

335 1003 478 1068 busdam
502 1003 699 1090 principiis,
721 1026 808 1088 quae
830 1005 941 1069 literis
968 1006 1071 1091 plane
1089 1003 1412 1091 proportionantur,
1433 1001 1477 1066 ad

291 1128 312 1190 h
335 1130 618 1216 compositionem
639 1130 825 1214 quandam,
844 1152 931 1214 qnae
951 1130 1094 1215 syllabis
1118 1139 1169 1195 est
1192 1127 1479 1216 proportionalis,

335 1275 421 1337 eque
439 1252 503 1318 hac
522 1253 565 1318 ad
585 1254 724 1320 maioris
743 1253 1003 1341 compositionis
1022 1255 1201 1336 terminos,
1218 1253 1313 1319 velut
1330 1253 1373 1317 ad
1392 1251 1480 1316 inte·

334 1400 415 1464 gras
433 1378 615 1462 dictiones,
634 1378 802 1444 tentanda
823 1387 873 1444 est
893 1379 1077 1466 promotio.

817 1703 860 1742 ΙΙΙ.
877 1703 1010 1743 nemorum.

426 1934 551 1999 Tribus
567 1933 676 2020 igitur
692 1934 920 2000 existentibus
939 1935 1135 1999 intellectus
1152 1933 1425 2020 operationibus,
1443 1943 1484 1998 ut

274 2060 316 2124 10
337 2060 619 2147 philosophorum
633 2060 748 2124 schola
760 2067 908 2125 testatur
924 2072 958 2125 et
974 2084 1035 2147 per
1051 2083 1133 2124 sese
1149 2083 1202 2125 res
1219 2060 1294 2145 ipsa
1313 2058 1483 2139 insinuat,

338 2207 484 2270 quarum
501 2185 615 2271 prima
633 2192 685 2250 cst
704 2184 912 2271 simplicium
931 2185 1175 2271 apprehensio,
1207 2183 1357 2248 secunda
1389 2204 1484 2247 com·

338 2314 464 2401 positio
483 2320 517 2378 et
536 2312 661 2377 divisio
680 2335 740 2377 seu
761 2312 964 2396 verificatio,
984 2311 1088 2377 tertia
1107 2312 1280 2377 discursus
1299 2334 1359 2376 seu
1378 2333 1483 2397 argu·

338 2440 523 2522 mentatio3
544 2463 564 2504 a
583 2440 696 2526 prima
715 2439 758 2504 ad
781 2439 979 2524 secundam,
999 2463 1019 2506 a
1038 2440 1187 2506 secunda
1206 2439 1250 2504 ad
1269 2440 1409 2505 tertiam
1428 2448 1480 2505 est

338 2565 544 2631 intentanda
563 2565 752 2630 methodus.
766 2565 829 2631 Est
848 2573 963 2631 autem
980 2567 1126 2652 simplex
1140 2564 1369 2652 apprehensio
1382 2571 1483 2631 actus

276 2694 315 2755 15
339 2692 411 2756 sive
430 2693 520 2755 actio
539 2690 747 2774 intellectus,
768 2713 836 2775 qua
855 2691 994 2775 aliquod
1013 2691 1268 2776 incomplexum
1288 2690 1486 2776 apprehen·

339 2816 407 2900 dit,
428 2823 549 2902 utpote
568 2814 712 2880 alicuius
732 2814 872 2880 termini
892 2816 1195 2902 significationem,
1213 2816 1269 2881 vel
1290 2815 1483 2901 simplicem

339 2941 583 3023 intentionem,
602 2963 725 3026 nempe
746 2946 750 3027 Ι
772 2964 839 3027 qua
859 2942 1028 3006 terminus
1047 2941 1120 3027 ipse
1143 2962 1205 3027 per
1224 2963 1259 3005 se
1282 2940 1430 3005 sumitur
1448 2947 1483 3004 et
1508 2943 1619 3007 638

341 3089 411 3131 non
431 3089 508 3131 curn
527 3066 643 3151 aliquo
662 3066 730 3131 alio
751 3065 994 3152 complicatum
1015 3066 1151 3150 alioque
1175 3065 1357 3130 adiectum.
1388 3063 1486 3131 Com-

340 3193 467 3280 positio
496 3215 576 3257 vero
608 3192 719 3278 prima
749 3214 808 3255 seu
839 3199 955 3275 (quam
983 3190 1033 3254 ita
1061 3190 1200 3276 proprie
1223 3190 1292 3255 dici
1311 3191 1483 3272 volumus)

275 3331 319 3393 ‘20
342 3317 543 3398 verificatio,
564 3324 616 3382 est
632 3324 728 3382 actus
747 3340 807 3381 seu
826 3316 916 3381 actio
936 3315 1132 3380 intellectus
1151 3315 1314 3395 secunda,
1335 3314 1482 3400 primam

342 3467 565 3529 consequens,
586 3466 673 3528 quae
691 3442 792 3528 plura
813 3447 817 3527 Ι
838 3441 1040 3528 simpliciter
1059 3441 1272 3528 apprehensa
1291 3440 1484 3523 connectit,
1509 3442 1539 3504 b
1560 3445 1613 3505 4r

342 3569 533 3656 componit,
563 3569 645 3634 dum
676 3567 825 3632 invicem
863 3567 946 3631 haec
978 3567 1137 3652 copulata
1170 3566 1225 3632 vel
1259 3565 1303 3631 ab
1336 3564 1486 3630 invicem

342 3695 464 3761 dissita
483 3694 575 3761 valet
594 3693 787 3759 enunciare.
806 3691 989 3757 Discursus
1005 3698 1120 3757 autem
1137 3699 1188 3756 est
1205 3690 1296 3755 actio
1313 3713 1373 3756 seu
1390 3697 1488 3755 actus

343 3823 551 3902 intellectus,
574 3843 660 3904 quae
679 3819 723 3884 ab
743 3842 812 3884 una
835 3818 879 3883 ad
902 3817 1007 3883 aliam
1025 3816 1308 3903 compositionem
1328 3818 1383 3880 vel
1403 3816 1490 3882 divi-

277 3953 320 4017 25
344 3951 488 4031 sionem,
521 3970 607 4033 quae
638 3969 679 4011 ex
710 3945 839 4010 talibus
870 3943 1069 4031 compositis
1097 3943 1287 4027 divisisque
1307 3942 1488 4025 consistit,

345 4075 530 4162 egreditur.

438 4366 673 4416 lvocabulorum
687 4363 1010 4415 AG:voeabuloremP
1074 4363 1289 4415 9oxstantibus
1306 4363 1329 4409 (l
1393 4365 1423 4414 1?
1434 4369 1493 4415 ter·

346 4446 729 4499 minusAG:torminnusl'
778 4448 806 4495 18
820 4446 925 4512 aliique
937 4448 970 4511 (l,
984 4464 1028 4495 nra
1042 4449 1077 4512 cf.
1092 4462 1205 4510 sopraa
1216 4463 1246 4508 p.
1262 4446 1349 4504 1329
1395 4447 1490 4511 ‘ltqul

346 4528 486 4580 obunaG
