3414 5122
317 403 356 461 62
760 416 899 462 reanum
922 417 1024 461 anum

318 596 379 659 per
398 573 588 660 exprimere
607 573 745 656 nititur,
764 574 884 657 habes,
905 573 1059 659 inquam,
1080 597 1168 659 quae
1192 582 1274 639 sunt
1302 573 1338 637 in
1358 571 1459 636 Arte

318 698 447 782 brevi,
483 699 520 764 in
554 699 654 764 Arte
688 721 834 785 magna
867 707 901 765 et
936 699 1012 764 aliis
1050 697 1160 782 libris,
1196 699 1256 784 qui
1284 697 1288 785 l
1319 696 1458 763 nomine
1484 701 1591 765 282

319 824 494 889 Arboris
518 824 737 908 scientiae,
762 823 1049 907 Inventionis,
1074 824 1191 889 Artis
1216 823 1461 889 demonstra-

320 949 443 1032 tivae,
468 948 693 1015 Mixtionis
717 949 1035 1037 principiorum,
1053 949 1232 1016 Auditus
1252 947 1462 1015 cabalisti-

276 1074 369 1156 bei,
401 1082 435 1139 et
463 1074 492 1139 si
523 1074 583 1161 qui
608 1074 668 1140 alii
696 1074 848 1140 eiusdem
875 1075 1011 1160 generis
1035 1083 1167 1159 extant,
1193 1075 1379 1161 inquibus
1402 1072 1460 1138 hio

320 1221 451 1287 pauper
470 1222 604 1287 semper
620 1200 711 1265 idem
727 1200 923 1266 attentabat
943 1201 1143 1288 exprimere.

409 1326 456 1391 Et
483 1332 535 1408 tu,
559 1326 679 1411 lector,
706 1332 889 1412 postquam
923 1325 1134 1392 intellexeris
1165 1326 1246 1410 ista,
1266 1324 1457 1391 necessario

321 1450 473 1517 Lullium
510 1451 698 1538 intelliges,
736 1459 770 1517 et
806 1450 941 1517 videbis
979 1473 1042 1516 nos
1082 1449 1232 1516 multum
1271 1448 1463 1533 addidisse,

323 1583 493 1662 quantum
516 1575 560 1641 ad
586 1574 804 1658 facilitatem,
830 1575 961 1641 ordinis
992 1574 1175 1659 rationem,
1201 1573 1463 1640 distinctionem

259 1709 301 1772 10
324 1708 359 1766 et
377 1699 618 1766 sufficientiam
646 1700 849 1789 disciplinae
878 1707 1023 1787 spectat,
1045 1706 1079 1765 et
1098 1698 1193 1765 aliud
1223 1697 1369 1786 quidde
1395 1718 1464 1763 me·

324 1825 445 1910 moria,
467 1826 557 1911 quod
576 1848 647 1891 non
670 1833 821 1913 estpars
848 1824 949 1891 istius
969 1825 1184 1912 disciplinae,
1205 1822 1264 1889 sed
1292 1821 1336 1889 ad
1354 1823 1464 1910 ipsius

325 1951 553 2017 retentionem
582 1958 634 2017 est
652 1951 819 2036 maxilme
838 1951 1075 2017 necessarium.
1102 1949 1246 2016 Videbis
1276 1947 1382 2013 etiam
1405 1968 1467 2013 nos
1492 1942 1575 2004 41v

326 2077 497 2144 addidisse
512 2077 604 2164 quod
618 2084 670 2143 est
685 2077 726 2142 de
742 2077 938 2143 substantia
957 2077 1041 2143 artis
1057 2077 1223 2163 usquead
1240 2076 1468 2163 complemen-

327 2210 402 2269 tum
420 2204 544 2291 ipsius,
565 2203 657 2290 quod
675 2226 739 2269 neo
757 2201 890 2268 Lullius
910 2202 1008 2287 fecit,
1027 2226 1091 2268 neo
1114 2203 1222 2268 alium
1240 2201 1363 2268 fecisse
1381 2200 1469 2267 vidi·

263 2341 304 2407 15
328 2352 411 2395 mue.
429 2329 467 2394 Si
484 2329 561 2415 quis
579 2351 661 2395 vero
679 2328 762 2414 quid
780 2329 928 2415 amplius
944 2328 1036 2415 apud
1051 2328 1204 2394 Lullium
1219 2335 1253 2393 et
1269 2327 1355 2393 alios
1371 2332 1470 2412 (quoe

330 2455 447 2520 videre
464 2454 653 2542 potuimus)
677 2453 750 2520 eius
773 2453 979 2541 interpretes
997 2444 1166 2519 habeatur
1189 2452 1362 2538 inquirat,
1383 2451 1470 2517 sciat

330 2605 401 2648 esse
420 2580 520 2646 rudes
539 2587 677 2646 tantum
696 2586 731 2645 et
749 2579 938 2667 superfluas
961 2601 1046 2665 quas
1070 2579 1119 2645 ite
1143 2577 1257 2644 dicam
1281 2575 1469 2664 exemplifi-

331 2706 492 2773 cationes.
512 2704 579 2771 Sed
597 2728 660 2772 nos
680 2704 853 2771 noluimus
876 2705 914 2770 in
931 2704 1146 2771 facilioribus
1165 2703 1319 2770 fimbrias
1344 2702 1469 2769 dilate-

331 2852 378 2897 re.
397 2830 566 2918 Exempla
591 2831 651 2916 qui
671 2822 858 2914 desiderat,
877 2829 1030 2896 Lullium
1049 2829 1176 2896 videat.

424 3100 664 3162 sset(in)aliisG
711 3098 1061 3152 antonomasticis?
1108 3095 1314 3149 dmixtonisO
1363 3094 1475 3146 abce-

332 3183 430 3235 balisti
447 3183 471 3232 P
535 3184 564 3232 12
580 3181 697 3233 Videbis
708 3179 744 3232 0:
764 3181 875 3232 Videtis
893 3180 918 3230 P
982 3180 1012 3229 16
1029 3179 1098 3244 dopo
1112 3180 1287 3244 interpretes
1299 3174 1433 3226 chlodovio
1447 3175 1475 3224 lo

331 3266 468 3330 parentari
478 3264 530 3317 PG
594 3263 750 3328 habeatur,
763 3264 900 3328 inquirat.
919 3262 999 3312 Sciet
1012 3261 1053 3312 P:
1068 3261 1240 3320 (existimet)
1257 3257 1369 3322 haberi,
1383 3257 1476 3321 inqui·

334 3355 387 3399 rat.
400 3345 516 3399 ScistG
