3414 5122
312 389 369 448 198
748 403 887 448 rounam
908 402 1010 448 ravin

310 560 439 624 stantia
452 557 630 624 consistit?
642 558 805 645 Haecque
818 559 964 646 duplicis
978 565 1030 625 est
1044 565 1099 645 gel
1107 559 1215 625 neris:
1233 558 1349 644 altera,
1364 581 1451 645 quae
1477 568 1499 629 f
1515 569 1567 631 5²·

309 684 365 750 vel
383 706 445 771 per
464 681 703 749 eredulitatem
722 690 757 749 et
775 683 856 750 fidei
873 684 958 766 vim,
978 685 1033 750 vel
1056 708 1119 772 per
1142 685 1227 751 alias
1246 708 1317 752 non
1335 684 1453 751 landa-

310 808 396 876 biles
416 808 662 875 oontractionis
681 809 810 896 species
829 832 965 876 sensum
986 810 1184 893 mortificat,
1216 832 1283 896 qno
1313 809 1454 897 propria

310 934 399 1000 ratio
418 957 480 1023 per
498 934 638 1020 aliquod
657 933 888 1000 extrinsecum
910 935 1051 1021 penitus
1075 935 1314 1020 absorbeatur,
1334 940 1453 1002 111111-

267 1064 288 1127 5
310 1066 389 1125 tura
412 1059 533 1125 melior
551 1059 589 1124 in
608 1058 753 1125 alieuius
778 1059 956 1126 deterioris
980 1060 1169 1147 imaginem
1187 1060 1456 1128 transformetur

310 1185 459 1268 (ethaeo
478 1183 571 1271 apud
589 1184 753 1271 reprobos
772 1208 891 1272 magos
915 1186 1092 1270 usuvenit,
1122 1185 1183 1271 qui
1202 1185 1376 1252 hominem
1400 1186 1455 1250 vel

311 1309 406 1375 alind
420 1309 461 1375 de
476 1309 707 1376 animantium
723 1331 849 1396 genere
865 1311 909 1377 ad
925 1312 1098 1398 quoddam
1111 1312 1297 1399 spirituum
1310 1310 1458 1377 influen-

312 1435 448 1500 tialium
476 1435 670 1522 symbolum
692 1443 913 1523 promovent,
934 1459 1081 1522 quorum
1111 1437 1236 1503 virtuti
1265 1437 1320 1502 vel
1351 1436 1457 1501 etiam

312 1560 527 1628 substantiae
546 1583 624 1627 oum
644 1560 775 1627 fuerint
791 1567 949 1648 patratae
968 1563 1127 1646 uniones,
1144 1562 1320 1629 mirabilia
1337 1561 1374 1627 111
1389 1583 1458 1627 cor·

250 1696 290 1759 10
312 1686 469 1774 poribus,
493 1686 531 1752 111
561 1684 756 1770 affectibuS,
788 1686 826 1752 in
855 1687 989 1753 artibus
1019 1697 1054 1754 et
1080 1686 1119 1752 in
1148 1687 1271 1754 mundi
1299 1687 1459 1774 partibus

312 1818 416 1897 atque
439 1811 640 1899 regionibus
662 1811 853 1896 alterand0,
878 1811 1140 1897 commovendo,
1161 1812 1460 1896 transformando,

313 1936 533 2020 occultando,
568 1935 835 2020 manifestanda
866 1936 1021 2024 ligand0,
1053 1936 1235 2021 solvende,
1265 1937 1458 2022 educenda,

313 2061 507 2129 inducendo
526 2084 607 2128 vere
625 2061 681 2128 vel
700 2069 906 2150 apparenter
929 2067 1146 2150 operantur);
1163 2062 1273 2128 altera
1292 2085 1373 2129 vero
1393 2068 1459 2148 est,

315 2211 403 2274 quae
421 2211 483 2275 per
501 2186 695 2274 regulatam
713 2186 816 2253 fidem
834 2196 869 2254 et
888 2187 973 2254 alias
990 2188 1183 2255 laudandas
1212 2187 1460 2255 contractionis

249 2324 291 2387 15
314 2314 443 2401 species
471 2319 609 2379 tantum
636 2312 734 2379 abest
759 2323 800 2378 ut
826 2336 946 2379 sensus
964 2314 1227 2401 perturbatione
1253 2313 1460 2399 quandoque

315 2444 447 2522 utatur,
465 2443 504 2503 ut
516 2436 672 2504 eumdem
691 2436 945 2504 claudicantem
955 2437 1090 2523 fulciat,
1109 2445 1283 2506 errantem
1300 2439 1462 2524 corrigat,

315 2562 540 2646 imbeloillem
559 2569 594 2629 et
613 2563 775 2630 obtusum
792 2565 932 2630 roboret
955 2570 990 2630 et
1009 2571 1120 2630 acuat.
1140 2565 1237 2630 Haec
1256 2587 1334 2630 cum
1352 2563 1459 2647 norit,
1486 2568 1594 2632 585

317 2688 493 2755 daemonis
511 2688 631 2776 magni
649 2689 722 2775 (qui
740 2711 836 2756 amor
855 2696 919 2774 est)
942 2689 1085 2765 virtute,
1107 2690 1260 2756 animam
1279 2712 1342 2776 per
1361 2689 1463 2776 spiri·

317 2821 392 2880 turn
409 2814 544 2902 corpori
561 2815 728 2901 copulari,
744 2814 923 2902 magisque
938 2821 1131 2902 separatam
1149 2814 1375 2900 divinamque
1391 2813 1463 2879 vim

251 2956 296 3020 20
317 2941 457 3029 spiritui
486 2964 547 3028 per
577 2941 740 3027 animam,
765 2948 799 3007 et
822 2942 1032 3008 universalia
1063 2941 1179 3008 omnia
1213 2941 1374 3007 omnibus
1402 2963 1463 3028 per

321 3067 433 3133 media
451 3068 551 3154 plura
570 3068 625 3134 vel
647 3068 811 3156 pauciora
835 3068 972 3136 adnecti
999 3076 1034 3135 et
1057 3069 1291 3151 concatenari,
1317 3091 1463 3153 cumque

321 3215 391 3259 non
418 3194 526 3259 lateat
554 3193 728 3279 geminam
756 3217 828 3260 esse
858 3195 1030 3279 animam,
1060 3196 1271 3282 superiorein
1302 3193 1464 3258 videlicet

320 3318 499 3405 magisque
516 3317 785 3385 intellectualem
803 3320 944 3405 quaein
967 3343 1002 3386 ae
1025 3321 1100 3407 ipsa
1116 3319 1299 3406 pulchrum
1316 3317 1465 3404 effingit,

321 3454 356 3510 et
374 3443 571 3510 inferiorem
595 3467 684 3531 quae
706 3444 744 3510 in
767 3445 850 3533 alio,
870 3446 1018 3534 primam
1043 3446 1087 3512 ad
1105 3445 1330 3532 superiorem,
1348 3466 1466 3509 secun-

254 3581 298 3646 25
321 3567 400 3634 darn
419 3568 463 3634 ad
481 3568 680 3636 inferiorem
703 3577 738 3636 et
757 3571 934 3657 vulgarem
952 3572 1121 3637 Venerem
1145 3569 1280 3653 referri,
1300 3570 1464 3655 illamque

321 3693 452 3779 gemini
471 3694 653 3782 Cupidinis
672 3702 817 3763 matrem
837 3719 924 3780 esse,
942 3696 977 3761 in
995 3718 1142 3782 quorum
1158 3702 1306 3781 utroque
1320 3702 1463 3760 naturae
1488 3704 1510 3765 1’
1527 3705 1581 3765 5v

322 3842 441 3885 sensus
460 3820 631 3907 consistit,
651 3822 712 3910 qui
729 3845 792 3910 per
810 3846 846 3888 se
864 3822 938 3888 vita
957 3821 1098 3906 dicitur,
1118 3821 1210 3887 hunc
1234 3821 1273 3887 in
1296 3821 1464 3887 naturali-

323 3946 387 4011 bus
406 3934 567 4012 o'mnibus
585 3948 852 4035 contemplatur;
873 3947 915 4013 ab
936 3946 1003 4013 isto
1023 3947 1152 4012 etenim
1172 3970 1274 4013 sensu
1293 3953 1345 4011 est
1364 3969 1465 4033 appe

321 4071 409 4137 titus
428 4071 465 4137 in
484 4072 643 4160 partibus
661 4094 842 4160 corporum
865 4080 900 4138 et
929 4073 1126 4160 praecipuis
1146 4071 1268 4138 mundi
1288 4072 1466 4153 membris,

257 4211 301 4275 30
322 4204 407 4284 puta
423 4199 559 4284 magnis
578 4199 786 4264 animalibus
806 4204 908 4285 atque
925 4199 1015 4281 Diis,
1027 4206 1067 4264 ut
1086 4198 1131 4265 ad
1148 4197 1264 4263 locum
1283 4219 1383 4262 suurn
1403 4196 1465 4261 illa

527 4372 601 4379 -—
1272 4369 1456 4377 ——1-—·—-

415 4465 610 4532 lpaenitual'
657 4467 688 4515 16
702 4465 857 4516 eundomG
904 4462 1464 4516 armatur.HunoP2dicit11r:huneu
