3414 5122
642 417 802 462 interm
825 419 953 463 aternu.
1328 404 1368 462 95

226 570 337 657 lisque
366 571 521 658 potentia
546 573 738 638 obtinebat.
762 574 977 661 Quandoque
1000 595 1081 638 vero
1111 573 1173 639 nbi
1202 573 1369 638 iaculator

226 697 317 765 idem
336 701 373 764 in
391 700 508 787 plnres
527 700 749 787 diversasque
769 703 928 768 veritatis
951 718 1063 768 turres
1086 718 1369 788 argumentortmr

225 824 296 890 tela
322 825 549 912 intorqueret,
579 827 721 893 iurabat
747 850 817 893 non
841 829 879 893 in
908 827 1221 916 oppugnandarum
1245 840 1368 893 castro

225 972 317 1037 rum,
340 951 400 1017 sed
423 951 669 1040 impetentium
696 953 844 1020 arietum
868 970 902 1020 et
930 953 1155 1019 volitantium
1180 952 1370 1019 iaculorum

183 1077 204 1140 5
226 1075 384 1143 ordinem
402 1078 581 1165 respicere.
600 1077 777 1145 Curabam
801 1087 841 1144 ut
865 1080 902 1144 in
925 1079 1043 1145 eodem
1067 1101 1188 1166 campo
1213 1078 1371 1144 ordinate

226 1202 281 1268 sui
307 1203 399 1269 ictus
421 1227 501 1271 suos
534 1214 762 1291 sequerentur
796 1205 952 1272 nuncin
979 1204 1086 1287 istud,
1111 1227 1204 1270 nunc
1229 1227 1309 1270 vero
1334 1205 1372 1269 in

227 1329 313 1394 illud
332 1330 556 1396 collineantes
575 1331 793 1399 iaculatores.
813 1333 906 1399 Hinc
926 1332 1093 1399 muudum
1118 1341 1298 1398 aeternum
1322 1354 1371 1396 re-

227 1454 362 1522 ferebat
391 1455 483 1542 quod
512 1457 717 1523 Oceanum
749 1467 914 1545 quattuor
949 1468 1065 1524 autem
1103 1458 1369 1523 adventantium

228 1581 389 1666 telorum,
415 1583 567 1669 primum
600 1584 694 1670 qnod
728 1584 910 1668 Interea,
942 1583 1130 1651 secundum
1157 1583 1251 1669 quod
1282 1582 1372 1647 Sur-

165 1701 208 1765 10
229 1728 343 1792 gens,
367 1709 509 1774 tertium
533 1709 625 1796 quod
653 1711 826 1793 Aurora,
853 1724 1017 1796 quartum
1044 1709 1138 1796 quod
1166 1707 1371 1793 Reliquit.

229 1825 348 1891 Iacula
367 1826 559 1893 inanimae
583 1828 880 1896 immortalitatem
905 1836 1008 1918 caput
1036 1829 1138 1894 metri
1157 1825 1372 1893 succedentis

231 1953 537 2038 consequebantur.

277 2344 341 2408 DE
375 2344 594 2411 CIRCAEIS
627 2346 813 2429 CAMPIS,
847 2345 1021 2411 HORTIS
1055 2346 1113 2410 ET
1146 2344 1330 2412 ANTRIS.

705 2516 787 2557 xxvi.
802 2516 901 2567 sigillus.

170 2782 210 2845 15
323 2785 441 2851 Facile
466 2787 541 2852 visa
569 2787 699 2873 species
724 2810 802 2853 cum
826 2788 938 2873 figura
960 2787 1152 2872 formaque,
1173 2809 1261 2872 quae
1285 2786 1376 2852 circa

234 2921 299 2996 est,
325 2936 444 2978 sensus
463 2914 641 2978 interioris
665 2915 815 2981 occurrit
842 2914 1017 2997 facultati,
1037 2913 1202 2979 facillime
1226 2915 1281 2979 vel
1301 2935 1377 3000 pos·

233 3062 349 3105 sumus
376 3041 489 3107 locum
519 3040 622 3111 certis
649 3041 822 3106 destinare
848 3040 1042 3128 speciebu8‚
1066 3041 1121 3105 vel
1151 3047 1262 3106 certas
1291 3040 1377 3106 locis

234 3166 364 3252 species
378 3167 428 3232 ita
448 3167 615 3251 addicere,
635 3175 674 3233 ut
694 3190 772 3233 cum
784 3167 891 3232 fuerit
909 3189 1006 3254 opus
1023 3166 1206 3251 qualitatis
1222 3166 1375 3231 eiusdem

234 3292 332 3377 ratic,
352 3293 393 3358 de
412 3294 564 3360 eiusdem
585 3293 629 3358 ad
652 3292 920 3358 determinatum
944 3293 1058 3358 locum
1082 3291 1265 3375 relatione,
1289 3291 1377 3356 desi·

167 3424 212 3488 ‘20
232 3424 340 3503 gnata
359 3418 511 3505 prodeat.
525 3419 619 3484 Hinc
630 3419 756 3503 evenit,
769 3431 809 3483 ut
822 3417 1042 3483 sensibilibus
1055 3417 1233 3505 speciebus
1248 3417 1377 3503 effigia-

233 3555 288 3612 tos
311 3546 732 3632 numeros‚01nnibusque
754 3545 839 3610 locis
863 3545 960 3610 iuxta
984 3543 1175 3631 specierum
1199 3544 1378 3630 pluralita-

234 3680 303 3737 tem
344 3673 502 3759 pluribus
544 3671 736 3758 adscriptos
766 3672 960 3758 experimur
991 3670 1034 3735 ab
1074 3690 1175 3755 opere
1215 3667 1375 3753 graviore

236 3799 383 3864 maxime
407 3799 600 3865 naturalem
628 3799 781 3864 relevare
809 3797 1021 3863 fucultatem.
1043 3799 1047 3882 1
1069 3797 1117 3862 Ut
1142 3795 1171 3860 si
1201 3796 1238 3860 in
1268 3796 1376 3872 Rota,
1405 3798 1488 3860 10v

237 3947 340 4009 quam
359 3926 534 3989 Fortunae
554 3924 746 4010 appellant,
767 3923 849 3987 Itali
869 3922 913 3987 ad
936 3921 1129 4005 denarium,
1151 3919 1245 3985 Galli
1266 3919 1310 3984 ad
1328 3920 1379 3984 vi-

169 4067 212 4130 25
235 4051 431 4137 ganarium,
455 4051 607 4138 Hispani
629 4052 674 4117 ad
705 4049 934 4136 trigenaritun
957 4071 1138 4113 numerum
1167 4049 1376 4131 referantur,

237 4199 383 4263 quorum
416 4178 642 4263 particulares
676 4176 778 4240 certis
810 4175 970 4259 insigniis
997 4174 1176 4239 act-ibusve
1211 4172 1377 4238 decadum

330 4493 554 4559 &sequerentur
618 4488 720 4541 [Suc
784 4489 815 4539 13
830 4506 932 4543 crucris
996 4489 1028 4539 1?
1043 4486 1141 4558 certis]
1155 4489 1243 4539 cartis
