3414 5122
654 423 802 470 siorucvs
824 426 1031 472 srermonvu.
1358 415 1412 472 181

268 580 410 665 quentia
429 580 532 659 liber,
553 602 718 667 magnum
750 590 853 668 atque
881 606 1037 650 voracem
1061 591 1206 652 naturae
1237 608 1352 651 rerum
1378 610 1414 649 sc

268 705 417 771 reddidit
447 708 762 794 contemplatorem.
795 708 989 776 Solitudine
1017 710 1145 796 viginti
1172 733 1342 777 annorum
1376 711 1414 774 in

268 821 495 918 omni‘magia
514 838 548 896 et
571 832 786 898 divinatione
815 834 963 921 profecit
990 835 1188 920 Zoroaster,
1218 843 1316 902 utet
1340 837 1411 900 Xa-

268 957 406 1041 molxis,
427 957 576 1025 Abbaris
596 964 630 1025 et
648 960 718 1025 alii.
736 961 765 1025 Ε
791 961 925 1028 desorto
948 961 1039 1028 Oreb
1059 963 1170 1028 Moses
1190 986 1295 1050 supra
1318 962 1413 1028 illius

224 1082 245 1146 5
269 1105 388 1170 magos
407 1084 580 1151 Pharaoni
599 1087 729 1172 prodiit
748 1086 971 1155 admirabilis.
992 1089 1094 1155 Jesus
1119 1088 1318 1156 Nazarenus
1343 1111 1414 1154 non

268 1208 365 1295 prius
382 1209 533 1297 coepisse
549 1211 723 1278 mirabilia
740 1211 851 1278 dicere
868 1222 902 1278 et
920 1214 1056 1301 operari
1073 1213 1193 1299 fertur,
1211 1237 1314 1300 quarn
1333 1221 1412 1301 post

270 1333 468 1400 conflictum
493 1357 571 1402 cum
595 1337 733 1403 diabolo
760 1339 797 1403 in
822 1339 956 1405 deserto
984 1339 1151 1405 habitum.
1182 1338 1412 1426 Raymundus

269 1461 404 1529 Lollius
423 1464 580 1551 apprime
600 1466 727 1530 stultus
747 1473 781 1530 et
800 1465 910 1532 idiota
930 1489 971 1532 ex
990 1488 1103 1532 eremo
1120 1465 1156 1530 in
1180 1465 1339 1552 pluribus
1364 1465 1414 1529 in·

269 1588 492 1655 ventionibus
512 1612 546 1655 se
563 1589 774 1678 profundum
793 1589 960 1658 exhibuit.
978 1591 1193 1674 Paracelsus,
1219 1592 1279 1677 qui
1303 1590 1414 1676 magis

207 1723 249 1785 10
272 1711 435 1777 eremitae
454 1734 557 1797 quam
576 1713 726 1778 doctoris
744 1713 799 1778 vel
814 1713 973 1800 magistri
985 1714 1087 1780 titulo
1103 1715 1285 1801 gloriatur,
1303 1736 1413 1781 novus
1440 1724 1548 1786 5⁹70

270 1843 305 1899 et
323 1835 412 1901 nulli
427 1836 571 1902 inferior
586 1836 796 1904 medicorum
811 1839 928 1903 extitit
944 1839 1105 1926 princeps
1121 1846 1156 1905 et
1174 1840 1307 1906 author.
1324 1840 1416 1905 Hinc

270 1959 353 2025 olim
372 1960 557 2049 Aegyptiis
577 1967 612 2025 et
635 1961 840 2048 Babyloniis
857 1964 961 2029 ociosi
979 1966 1275 2052 contemplatores,
1301 1965 1414 2030 Gallis

271 2085 441 2168 Druidae,
462 2087 576 2152 Persis
600 2087 708 2173 Magi,
733 2089 869 2154 Indaeis
889 2090 1075 2175 Pharisaei,
1099 2090 1198 2155 Indis
1222 2090 1413 2177 Gymnoso-

271 2210 423 2298 phistac,
455 2212 671 2277 Christicolis
702 2213 876 2294 Monachi,
900 2214 1044 2281 Babassi
1076 2215 1344 2299 mahometanis,
1373 2223 1412 2281 ut

208 2346 248 2409 15
271 2337 327 2402 vel
346 2343 490 2402 naturae
509 2360 624 2403 rerum
643 2339 946 2424 contemplatores,
966 2341 1021 2405 vel
1046 2363 1179 2406 morum
1204 2341 1301 2406 iuxta
1320 2341 1413 2426 leges

272 2470 385 2528 essent
409 2461 653 2545 moderatores,
682 2463 812 2550 optime
841 2464 980 2530 fuerant
1009 2465 1172 2531 instituti.
1203 2464 1270 2530 Sed
1299 2485 1342 2530 ex
1372 2464 1415 2529 iis

272 2588 449 2676 plurimae,
469 2598 508 2655 ut
527 2576 714 2656 humanum
738 2591 891 2658 laborem
907 2599 940 2658 et
956 2616 1055 2659 curas
1074 2593 1266 2679 fufgerent,
1289 2592 1354 2659 ocii
1379 2599 1414 2657 et
1442 2616 1466 2665 e
1489 2604 1541 2666 3¹·

273 2715 376 2800 gulae
395 2738 510 2781 amore
537 2714 686 2800 illectos,
714 2739 904 2804 perpaucos
931 2741 1012 2784 vero
1042 2718 1184 2784 virtutis
1216 2740 1344 2801 amore,
1377 2725 1416 2782 ut

275 2838 464 2905 bonitatem
482 2849 517 2906 et
536 2840 719 2907 veritatem
739 2851 1040 2929 persequerentur,
1065 2843 1220 2909 invenies
1250 2867 1285 2909 se
1315 2866 1335 2908 a
1360 2865 1417 2906 ne-

191 2971 251 3034 ‘20
272 2964 490 3050 gociosorum
505 2968 765 3033 conversatione
779 2991 966 3052 sevocasse3
983 2968 1074 3055 qnod
1094 2969 1122 3034 si
1143 2969 1202 3054 qui
1217 2967 1304 3033 tales
1321 2967 1413 3032 inter

273 3116 330 3159 eos
349 3095 587 3181 apparuerint,
608 3095 713 3160 iidem
736 3095 780 3160 ab
804 3095 971 3161 inmunda
990 3103 1025 3161 et
1048 3095 1168 3161 invida
1192 3093 1419 3160 multitudine

274 3219 472 3285 obruentur.
498 3220 601 3285 Mitto
625 3219 717 3304 quod
744 3243 786 3285 ex
815 3220 858 3286 iis
886 3221 991 3285 etiam
1016 3220 1248 3303 celeberrime,
1274 3220 1348 3286 ocio
1374 3218 1418 3284 ad

272 3344 452 3412 hominum
483 3370 601 3412 necem
632 3353 667 3412 et
695 3347 866 3413 humanae
892 3349 987 3435 pacis
1017 3348 1242 3414 abolitionem
1273 3346 1419 3411 abuten-

274 3476 326 3537 tes
352 3472 634 3559 perniciosissimi
658 3472 771 3538 foetus
790 3479 995 3539 emanarunt
1018 3496 1135 3540 eorum
1155 3473 1325 3552 doctores,
1357 3471 1419 3557 qui

207 3604 250 3667 25
274 3597 402 3684 passim
421 3597 647 3664 inhumanae
670 3606 704 3663 et
728 3597 839 3664 civilis
863 3598 1133 3664 conversationis
1157 3597 1339 3662 interitum
1360 3595 1418 3661 do-

274 3729 353 3788 cent
370 3721 526 3789 hominos
544 3745 608 3810 pro
627 3722 819 3789 malefactis
838 3746 908 3788 non
927 3723 1062 3804 timere,
1088 3729 1122 3787 et
1141 3721 1257 3788 nescio
1288 3721 1416 3806 quibus

275 3847 519 3915 sordidissimis
539 3848 708 3914 confidere
726 3847 934 3935 phantasiis,
956 3846 999 3912 ad
1018 3869 1104 3932 quas
1123 3847 1233 3931 magis
1254 3854 1288 3912 et
1308 3852 1419 3910 certas

367 4185 417 4235 al
442 4185 586 4237 Zamolxis
609 4183 634 4235 G
696 4185 746 4235 45
767 4184 865 4246 [illius]
890 4201 903 4235 e
925 4185 1084 4236 Pharaonis
1109 4184 1134 4235 G
1203 4185 1219 4234 6
1243 4185 1371 4248 caepisse
1394 4183 1420 4231 P

275 4267 369 4318 sero
392 4266 507 4317 heremo
535 4266 726 4317 cheremitae
752 4266 778 4315 P
858 4268 887 4315 ll
913 4272 1014 4317 auctor
1043 4264 1066 4314 G
1154 4266 1184 4314 12
1210 4262 1368 4327 Babilonijs
1395 4262 1420 4311 P

276 4347 403 4398 otiosiG
450 4348 482 4396 13
496 4346 662 4413 phariseiP
710 4346 808 4397 17022
824 4346 1017 4397 otiieotiod
1067 4343 1419 4409 19.20negotioscrumG

275 4428 306 4478 21
323 4427 469 4478 immunda
487 4427 511 4479 G
572 4427 605 4476 22
622 4424 800 4478 celeberrimi
819 4427 858 4491 G,
876 4426 921 4477 che
937 4424 1097 4492 interpunqe
1113 4429 1300 4488 emanarunt,
1317 4436 1416 4473 corum

276 4508 307 4557 21
323 4508 409 4558 faetus
424 4507 450 4556 P
512 4507 543 4556 27
560 4506 776 4558 sordidissimus
790 4507 817 4556 P
