3414 5122
577 415 622 459 nn
643 416 800 462 taurana
820 418 1078 464 conuiuaromn.
1343 405 1395 462 261

259 571 357 650 Quod
377 578 492 638 eutem
511 572 681 637 obiiciunt
700 572 741 638 de
760 572 918 637 terminis
934 573 1087 658 undique
1103 573 1401 656 convertibilibuS,

258 706 293 763 et
316 697 408 783 quod
431 699 491 763 illa
515 699 667 783 aequalis
691 698 844 784 undique
867 699 1092 785 reciprocatio
1117 699 1318 766 manifestet
1341 723 1404 787 per

257 823 354 888 illam
372 823 541 888 linearum
561 823 715 889 omnium
731 823 775 888 ad
791 823 907 888 omnia
923 831 958 888 et
972 812 1186 910 singulorum
1204 825 1247 889 ad
1264 825 1404 911 singula

258 947 529 1034 protensionem,
554 947 590 1012 id
614 948 861 1014 considerando
881 948 1039 1032 diluitur,
1060 949 1152 1035 quod
1170 950 1347 1036 protensio
1370 958 1405 1015 et

214 1071 235 1134 5
258 1073 484 1170 reciprocatio
504 1073 566 1140 ilia
586 1073 622 1138 iu
639 1074 799 1139 omnibus
811 1096 872 1140 suo
885 1075 985 1140 modo
1000 1081 1187 1140 exercetur.
1206 1074 1407 1140 Adnectun-

259 1205 318 1264 tur
336 1199 427 1264 enim
445 1200 561 1265 omnia
580 1200 739 1266 omnibus
758 1201 814 1267 vel
839 1200 1044 1266 affirmative
1073 1200 1129 1266 vel
1162 1200 1339 1286 negative,
1371 1208 1405 1266 et

259 1324 322 1390 hoc
350 1325 406 1391 vel
433 1325 693 1392 denominative
724 1328 777 1391 vel
801 1326 999 1414 primitive,
1024 1335 1059 1392 et
1082 1327 1146 1392 hoc
1169 1329 1224 1393 vel
1249 1327 1286 1393 in
1311 1336 1404 1392 recto

258 1450 314 1515 vel
332 1450 370 1516 in
388 1451 544 1536 obliquo,
564 1461 603 1518 ut
622 1452 734 1519 bonus
758 1453 873 1537 homo,
902 1455 993 1519 bona
1022 1453 1233 1537 humanitas²
1266 1453 1404 1519 bonitas

259 1574 424 1660 humana,
445 1578 582 1644 bonitas
601 1577 766 1657 hominio,
785 1579 920 1645 iustitia
939 1580 1043 1660 bona,
1075 1602 1214 1665 inagna,
1248 1587 1402 1664 aeterna,

196 1710 237 1772 10
260 1703 394 1768 malitia
414 1703 617 1790 unipotens,
638 1705 849 1787 defectuosa3
868 1706 910 1770 de
927 1707 1070 1771 caeteris
1088 1728 1223 1791 quoque
1243 1729 1304 1771 suo
1319 1707 1405 1771 iudi·
1428 1726 1453 1774 ο
1468 1715 1518 1774 5¹·
1582 1707 1585 1711 ⁴

259 1829 406 1894 candum
423 1837 475 1894 est
491 1830 605 1911 modo,
624 1831 714 1896 unde
731 1831 881 1897 artifices
898 1855 918 1898 a
934 1833 1129 1919 praecipuis
1147 1834 1405 1920 operationibus

258 1953 344 2021 artis
363 1953 465 2019 huius
484 1977 553 2020 non
572 1955 817 2042 impediantur.

388 2302 468 2368 Gar.
491 2304 551 2370 VI,
585 2306 649 2370 DE
684 2304 833 2371 SOALA
865 2304 1008 2373 HVIVS
1044 2306 1266 2374 Novana.

756 2553 774 2592 1.
790 2553 923 2593 Membrum.

194 2785 235 2848 15
347 2780 444 2845 Licet
463 2779 564 2845 huius
582 2781 715 2867 figurae
734 2782 860 2848 scalam
884 2783 1018 2849 Lullius
1046 2807 1116 2850 non
1145 2788 1315 2873 explicet,
1344 2790 1408 2853 inr-

258 2905 377 2991 plicite
396 2912 512 2970 tamen
532 2929 608 2971 eam
627 2928 697 2971 non
716 2907 879 2989 excludit;
900 2907 1010 2994 ipsam
1030 2932 1112 2995 ergo
1137 2934 1200 2976 nos
1226 2912 1262 2975 in
1286 2913 1407 2976 simili-

258 3030 414 3094 tudinem
430 3031 540 3095 scalae
556 3031 593 3095 in
608 3031 758 3096 secunda
769 3031 880 3117 figura
893 3033 1154 3099 constituendae
1171 3035 1405 3122 disponamus.

259 3155 321 3220 Est
346 3156 455 3242 igitur
481 3156 557 3243 ipsa
580 3155 637 3222 via
657 3157 826 3243 quaedam
849 3165 882 3222 et
906 3158 1001 3241 ordo,
1023 3181 1089 3244 quo
1111 3159 1247 3244 quidem
1267 3184 1287 3225 a
1307 3182 1407 3248 supe·

257 3281 406 3346 rioribus
425 3281 468 3346 ad
487 3281 651 3347 inferiora
670 3283 922 3367 descendimus,
947 3292 981 3349 et
1005 3285 1048 3349 ad
1072 3307 1221 3370 superna
1245 3309 1404 3351 coriaceu-

191 3415 236 3478 20
258 3405 371 3471 dimus
399 3406 442 3470 ab
467 3405 625 3488 infernis;
656 3406 694 3471 in
719 3431 759 3472 ea
788 3408 870 3492 duo,
902 3407 1123 3474 altitiulinem
1146 3409 1278 3474 scilicet
1298 3418 1403 3495 atque

257 3530 493 3613 latitudinem,
512 3531 727 3598 considerare
746 3533 837 3597 licet.

348 3656 546 3742 Longitudo
567 3657 703 3742 quidem
723 3659 835 3723 scalae
853 3666 918 3741 est,
931 3681 1000 3744 qua
1016 3659 1055 3723 fit
1069 3661 1265 3746 progressio
1283 3683 1302 3725 a
1324 3659 1328 3748 t
1349 3683 1405 3745 ge·
1429 3673 1536 3736 650

258 3781 482 3847 neralissirnis
502 3804 563 3869 per
582 3781 782 3847 subalterna
811 3805 919 3867 usque
950 3784 993 3849 ad
1024 3783 1272 3869 specialissima
1301 3792 1405 3870 atque

257 3907 494 3994 particularia,
511 3915 680 3990 quatenus
697 3930 774 3972 cum
791 3908 832 3972 (lo
852 3909 968 3992 aliano
985 3909 1097 3974 dicere
1114 3918 1174 3974 aut
1190 3909 1405 3974 considerare

191 4046 235 4108 25
258 4033 430 4113 volumus,
461 4031 504 4096 ab
535 4030 611 4118 ipsa
641 4032 753 4118 specie
774 4038 778 4120 1
800 4034 855 4098 vel
879 4033 1059 4100 individuo
1085 4033 1224 4099 adeius
1248 4034 1455 4120 proximae
1477 4039 1529 4100 5ν

351 4390 571 4456 ‘lreciprocatio
592 4388 656 4439 AG:
675 4389 867 4453 reciprocatio
889 4391 915 4439 P
989 4390 1193 4440 manifestatur
1218 4390 1242 4440 G
1317 4390 1354 4439 13.
1366 4390 1405 4440 15.

259 4471 338 4523 lwz
352 4472 441 4536 scala,
456 4473 562 4522 scalam
576 4476 621 4521 otc.
634 4469 701 4520 AG:
715 4470 824 4533 ecbola,
838 4470 963 4521 schalam
977 4477 1023 4521 etc.
1041 4471 1066 4520 P
