3414 5122
247 397 306 455 230
685 409 826 452 1088881
845 408 948 452 asvsr

247 565 461 634 atramento?
485 563 653 650 Nunquid
681 563 741 629 ubi
770 563 1022 650 compensando
1047 563 1136 627 nihil
1155 563 1268 646 valeo,
1288 586 1387 651 prae-

248 691 393 757 dicando
413 697 543 775 tamen,
564 688 768 755 adtestando
787 695 821 753 et
840 688 1006 753 beneficia
1024 696 1140 752 vestra
1164 688 1388 771 recensendo,

247 817 340 884 haud
373 815 625 882 dissimulantis
644 815 842 900 ingratique
869 814 977 879 animi
998 821 1130 896 notam,
1163 814 1387 899 quantumvis

248 963 361 1008 crasso
381 940 580 1026 incultoque
600 939 678 1005 stilo
696 947 838 1005 conatus
853 938 1059 1025 exprimere,
1077 938 1210 1023 aliquid
1224 938 1261 1002 in
1279 962 1389 1005 meam

203 1072 224 1134 b
248 1087 385 1131 causam
399 1065 632 1151 promovebo?
650 1063 725 1150 Ego
744 1086 825 1128 sane
842 1063 934 1148 quod
951 1063 1106 1128 omnium
1126 1063 1291 1128 interesse
1306 1065 1389 1148 scio,

248 1192 291 1258 ad
316 1190 520 1279 {universos
547 1189 659 1256 refero
686 1189 896 1271 faciendum,
928 1211 991 1276 pro
1021 1196 1120 1254 181118
1150 1189 1386 1270 universitate,
1415 1191 1531 1255 624

248 1317 286 1382 in
305 1316 532 1403 amplissima,
556 1322 716 1401 augusta,
745 1314 1054 1400 potentissimaque
1074 1302 1274 1399 Germania,
1294 1314 1391 1402 prin·

248 1442 335 1529 cipe,
357 1440 500 1508 summis
513 1448 614 1526 (quae
630 1440 683 1505 illi
700 1439 881 1522 debentur)
895 1439 1054 1505 laudibus
1067 1439 1252 1521 efferenda,
1266 1463 1391 1528 nempe

248 1567 414 1653 adquam
445 1589 488 1631 ex
517 1565 677 1631 omnibus
711 1566 870 1651 Europae
898 1570 1000 1650 (quae
1023 1564 1095 1630 sola
1126 1564 1391 1652 disciplinarum

184 1693 227 1756 10
249 1692 421 1778 olmnium
441 1699 551 1756 mater
569 1698 621 1755 est
633 1696 736 1775 atque
752 1689 934 1774 servatrix)
953 1689 1163 1776 regionibus,
1180 1689 1273 1755 haud
1289 1698 1392 1755 teme·
1416 1705 1447 1753 a
1468 1692 1523 1753 3¹·

248 1825 325 1882 rata
343 1815 584 1904 expectatione
602 1837 672 1880 non
692 1816 802 1879 solum
822 1815 1040 1881 auditoribus
1059 1815 1119 1879 sed
1137 1821 1172 1879 et
1191 1814 1391 1900 professori-

248 1942 314 2007 bus
333 1963 396 2028 pro
420 1940 612 2027 capacitate
632 1941 757 2019 l'acilis,
792 1941 880 2005 liber
898 1950 1087 2026 gratusque
1119 1946 1216 2026 patet
1235 1963 1390 2005 accessus

250 2075 285 2131 et
301 2067 482 2133 incolatus.
498 2066 681 2132 Caeterum
700 2067 792 2152 quod
816 2067 932 2133 adme
952 2075 1097 2153 spectat,
1119 2074 1217 2132 tanta
1237 2067 1393 2132 humani·

250 2202 322 2259 tate
341 2215 361 2258 a
380 2193 477 2259 vobis
507 2193 680 2281 principio
699 2207 895 2280 exceptum,
925 2192 1104 2281 tanta'per
1127 2194 1212 2260 anni
1237 2194 1393 2281 spacium

185 2328 226 2391 li)
248 2321 488 2410 hospitalitate
506 2327 693 2405 retentum,
715 2343 816 2406 quem
844 2328 944 2387 181118
962 2322 1181 2407 benignitate
1210 2322 1261 2387 ita
1280 2321 1390 2388 veluti

251 2450 417 2534 collegam
448 2452 553 2533 atque
581 2446 806 2512 domesticum
835 2446 1020 2531 habuistiS,
1045 2454 1085 2512 ut
1104 2448 1189 2513 mihi
1219 2448 1391 2533 quidlibet

250 2575 488 2663 potiusquam
518 2594 589 2637 esse
609 2580 811 2637 extraneum
840 2572 877 2637 in
896 2572 996 2638 domo
1024 2581 1139 2639 vestra
1166 2574 1321 2660 potuerit
1340 2597 1393 2639 oc-

253 2720 400 2779 currere,
433 2696 519 2782 quid
537 2696 609 2779 (Dii
640 2695 735 2779 boni)
755 2696 900 2762 faciam?
931 2698 1059 2779 Musas,
1084 2699 1201 2763 Musas
1229 2699 1323 2786 ipsas
1343 2699 1394 2763 in-

253 2822 422 2905 clamabo,
440 2822 647 2908 implorabo,
663 2821 863 2902 obsecrab0,
880 2822 1055 2888 adjurabo.
1071 2823 1163 2888 Illud
1183 2824 1312 2889 etenim
1332 2847 1393 2889 vos

186 2955 230 3018 20
252 2946 400 3014 movisse
420 2946 534 3032 credo,
555 2947 646 3031 quod
665 2947 757 3012 inter
775 2947 962 3035 principes,
983 2949 1043 3014 ubi
1063 2949 1193 3015 mutuis
1218 2957 1393 3016 concerta-

252 3073 367 3140 vcrint
386 3072 521 3157 officiisr,
546 3096 611 3138 usu
637 3073 756 3138 venire
780 3075 973 3159 consuevit,
1001 3075 1060 3159 qui
1090 3098 1159 3141 non
1186 3083 1324 3143 tantum
1357 3079 1394 3143 in

253 3198 367 3263 curiae
389 3198 602 3285 proceribus,
624 3197 683 3263 sed
708 3206 743 3262 et
767 3198 940 3265 interdum
968 3220 1037 3264 non
1065 3201 1191 3266 minori
1211 3201 1395 3287 diligentia

255 3323 292 3387 in
311 3322 464 3389 minimis
487 3323 595 3388 servis
614 3330 718 3408 atque
737 3323 1063 3389 administrantibus
1086 3323 1289 3410 obsequium
1313 3349 1396 3412 erga

253 3449 410 3535 proprios
444 3447 601 3513 dominos
635 3447 861 3514 adtestantur.
899 3450 1003 3515 Haud
1039 3450 1140 3514 aliter
1176 3456 1210 3515 et
1242 3474 1304 3517 vos
1340 3476 1394 3518 me

187 3579 230 3640 25
253 3575 466 3660 suscepistis,
486 3574 691 3661 acceptastis
710 3582 745 3639 et
764 3597 896 3640 mecum
921 3576 963 3641 ad
982 3576 1072 3642 hanc
1092 3599 1200 3661 usque
1224 3576 1315 3645 diem
1342 3580 1397 3644 be·

253 3698 457 3783 nignissime
482 3699 687 3783 tralctastis,
712 3698 887 3765 hominem
908 3701 1035 3789 quippe
1055 3703 1184 3767 nullius
1213 3703 1305 3790 apud
1334 3727 1395 3769 vos
1419 3726 1451 3774 a
1472 3714 1529 3775 3v

255 3823 417 3907 nominis,
438 3823 552 3888 famae
571 3829 631 3888 aut
649 3824 789 3906 valoris,
810 3847 828 3888 e
848 3824 982 3891 Galliae
1002 3827 1210 3892 tumultibus
1231 3829 1395 3914 elapsum,
1464 3858 1466 3863 ·

254 3947 350 4012 nulla
380 3948 580 4036 principum
610 3949 907 4015 commendatione
937 3952 1134 4036 suffultum,
1165 3953 1272 4017 nullis
1297 3959 1397 4038 (quae

254 4073 379 4159 vulgus
411 4073 584 4161 suspicere
618 4074 717 4155 solet)
750 4075 902 4139 externis
926 4076 1133 4162 insignitum
1169 4079 1395 4161 ornamentis,

348 4385 566 4452 lNumquidG
614 4385 766 4450 latyloG
815 4388 845 4435 14
861 4384 1029 4451 spatiumG
1076 4384 1204 4434 220uria
1224 4385 1248 4434 G
1295 4386 1327 4435 28
1344 4384 1401 4434 euf-

255 4465 418 4516 fulctumP
