3414 5122
658 400 805 455 src‘ranvs
827 410 1034 478 srcmuonvu.
1358 399 1417 458 909

275 564 543 651 oppositionem,
564 567 593 632 F
614 567 866 652 modalitatem,
888 568 920 634 G
944 569 1262 657 aequipollentiam,
1287 572 1322 635 H
1342 593 1419 636 oon-

275 691 510 776 sequentiam,
538 695 567 758 3.
588 693 605 757 I
624 692 920 780 distributionem,
942 695 976 761 K
997 696 1301 785 comparationem,
1322 697 1350 761 L
1370 696 1419 761 di-

276 816 460 902 visionem,
479 818 516 883 M
535 818 805 888 distinctionem.

482 1062 517 1102 Do
533 1061 651 1102 duodecim
666 1072 753 1103 morum
768 1061 859 1113 lormtr,
875 1062 900 1103 tn
915 1065 960 1104 tres
975 1063 1066 1104 ordines
1082 1064 1216 1104 dnulbnrn.

230 1267 252 1332 5
367 1255 419 1319 17.
444 1255 496 1319 De
514 1254 704 1321 moralibus
726 1277 863 1342 quoque
886 1256 1006 1322 formis
1027 1259 1055 1322 1.
1078 1258 1108 1321 A
1127 1257 1301 1344 significat
1324 1257 1420 1324 iusti·

276 1379 377 1460 tiam,
407 1379 438 1444 B
468 1378 702 1467 prudentiam,
736 1379 762 1444 G
794 1380 1051 1467 fortitudinem,
1075 1383 1107 1447 D
1136 1383 1417 1469 temperantiam;

276 1507 307 1570 2.
327 1505 357 1569 E
371 1505 484 1591 legem
502 1505 710 1588 naturalem,
724 1506 754 1569 F
766 1506 877 1592 legem
891 1505 1058 1591 divinam,
1076 1505 1108 1570 G
1124 1507 1236 1594 legem
1249 1508 1418 1592 gentium,

277 1631 312 1697 H
329 1632 441 1717 legem
462 1631 616 1714 civilem,
638 1634 669 1697 3.
686 1632 705 1699 Ι
723 1634 969 1717 necessarium,
988 1633 1024 1698 K
1047 1633 1243 1718 honestum,
1265 1634 1294 1698 L
1318 1634 1419 1717 utile,

277 1758 314 1822 M
334 1756 547 1823 delectabile.

646 2005 681 2046 De
695 2004 814 2046 duodecim
828 2004 952 2045 formarum
967 2005 1053 2045 formu.

370 2192 420 2257 18.
443 2191 534 2257 Sunt
554 2214 688 2278 quoque
713 2191 891 2257 duodecim
910 2190 1042 2256 formae
1070 2190 1273 2277 formarum,
1294 2193 1420 2278 quibus

281 2317 443 2383 universa
473 2317 753 2403 distinguuntur,
783 2316 1002 2399 dividuntur,
1037 2316 1303 2402 contrahuntur,
1332 2317 1421 2383 limi·

278 2449 411 2524 tantur,
431 2442 657 2526 definiuntur,
679 2441 891 2525 iudicantur,
912 2464 1068 2527 quaeque
1084 2465 1202 2507 omnes
1222 2442 1420 2509 artificiales
1446 2444 1555 2506 594

278 2568 550 2634 combinationes
568 2566 822 2654 ingrediuntur.
843 2570 848 2653 l
869 2567 922 2631 Ex
942 2566 985 2631 iis
1004 2567 1034 2630 A
1057 2565 1231 2652 significat
1253 2567 1418 2653 primario
1442 2573 1543 2652 94¹·

214 2698 254 2762 15
278 2692 333 2757 vel
352 2693 569 2776 secundario,
590 2693 619 2757 B
639 2692 796 2757 absolute
828 2691 884 2757 vel
913 2690 1118 2778 respective,
1137 2690 1164 2754 Ο
1186 2696 1266 2757 actu
1289 2693 1344 2758 vel
1364 2716 1423 2780 po

278 2818 402 2901 tentia,
423 2819 454 2883 D
474 2818 676 2905 simpliciter
699 2818 755 2882 vel
778 2817 966 2882 secundum
990 2816 1088 2903 quid,
1108 2816 1137 2882 Ε
1156 2816 1343 2883 intrinsece
1366 2819 1422 2885 vel

279 2945 480 3030 extrinsece,
500 2946 530 3009 F
550 2967 629 3010 vere
649 2944 705 3009 vel
735 2951 957 3031 apparenter,
979 2943 1011 3009 G
1030 2966 1092 3031 per
1120 2966 1155 3010 se
1173 2943 1231 3009 vel
1254 2966 1316 3031 per
1335 2944 1422 3009 acci-

278 3070 375 3153 dens,
407 3071 441 3134 H
472 3070 664 3136 comuniter
697 3070 753 3136 vel
783 3069 941 3157 proprie,
973 3069 990 3133 I
1018 3069 1210 3135 necessario
1248 3070 1305 3133 vel
1340 3091 1422 3134 con-

280 3195 469 3282 tingenter,
490 3196 525 3260 K
549 3195 697 3261 mediate
730 3195 786 3262 vel
820 3194 1030 3278 immediate,
1066 3195 1095 3259 L
1129 3194 1337 3260 naturaliter
1368 3195 1423 3258 vel

213 3328 258 3391 20
280 3320 507 3405 adtributive,
527 3320 564 3384 M
581 3319 823 3408 principaliter
838 3318 896 3386 vel
913 3318 1098 3385 reductive.

544 3581 579 3620 De
595 3580 713 3620 duodecim
728 3579 882 3620 fundamentis
897 3579 1020 3619 formarum
1035 3577 1153 3628 proximis.

370 3777 421 3840 19.
443 3775 648 3839 Formarum
663 3770 890 3836 fundamenta
909 3769 946 3834 in
965 3768 1096 3856 duplici
1113 3775 1195 3833 sunt
1215 3768 1419 3836 differentia.

281 3899 456 3978 Quaedam
476 3897 568 3963 enim
592 3902 674 3962 sunt
691 3894 863 3981 proxima,
885 3915 972 3978 quae
996 3893 1156 3960 omnibus
1175 3894 1285 3959 modis
1314 3896 1422 3960 consi-

281 4024 424 4091 derandi
443 4023 581 4111 proprie
605 4021 765 4103 subsunt,
786 4019 854 4086 elia
873 4040 953 4085 vero
983 4024 1066 4083 sunt
1083 4020 1214 4105 prima,
1244 4042 1332 4104 quae
1351 4043 1422 4086 non

213 4154 256 4217 25
281 4150 390 4215 solum
415 4145 669 4228 considerandi,
698 4144 757 4212 sed
776 4150 810 4209 et
839 4142 972 4208 essendi
992 4142 1101 4208 modis
1125 4144 1296 4209 universis
1316 4143 1420 4208 subii·

375 4407 405 4456 18
417 4403 641 4457 communiter&
706 4405 736 4454 19
747 4404 869 4454 mediate
884 4403 920 4455 G:
936 4403 1072 4455 meditate
1083 4403 1109 4453 P
1170 4401 1203 4451 '20
1215 4400 1385 4450 attributivo
1397 4400 1420 4450 G

282 4488 314 4537 92
330 4492 416 4553 questo
427 4486 586 4552 paraprafo
602 4484 638 4534 ta
651 4482 673 4535 u
684 4500 794 4535 nunwro
807 4485 839 4535 20
851 4501 864 4536 e
877 4483 899 4537 ir
911 4491 1029 4551 sequente
1041 4485 1078 4534 lic
1090 4485 1112 4534 il
1123 4498 1234 4533 occurere
1247 4483 1277 4533 19
1289 4482 1318 4532 ia
1331 4482 1358 4532 P

414 4580 491 4622 Burni
507 4580 560 4630 opp.
574 4581 613 4620 lat.
630 4579 664 4631 11,
680 4580 700 4620 2.
1052 4603 1056 4613 .
1237 4577 1261 4618 27
