3414 5122
579 430 623 473 DF}
643 429 799 473 LAMPADE
820 429 1077 480 consslnaroum.

743 793 773 832 11.
789 793 922 833 Membrum.

365 999 428 1063 DE
461 995 827 1064 PENETRATIONE
859 996 995 1061 PRIMI
1028 996 1211 1064 ANGVLI
1243 998 1282 1062 B.
1420 1008 1529 1073 654

344 1343 532 1407 Penetrant
551 1342 660 1429 igitur
682 1348 758 1407 tum
789 1343 905 1409 omnia
927 1343 1101 1430 principia
1125 1344 1294 1425 absoluta,
1326 1345 1399 1410 sive

254 1468 417 1555 explicita
441 1468 569 1534 sivein
593 1469 641 1533 eis
665 1467 835 1555 implicita
862 1469 1118 1555 intelligantur,
1138 1477 1214 1535 turn
1238 1471 1344 1535 etiam
1364 1479 1398 1536 et

209 1601 230 1663 5
254 1593 402 1658 invieanr
422 1593 627 1680 respectiva,
647 1593 738 1681 unde
757 1594 891 1660 ratione
914 1593 1028 1681 prima
1058 1594 1221 1660 dicuntur
1250 1595 1399 1682 primam

253 1725 435 1806 penetrare
454 1719 616 1804 figuram,
636 1741 724 1804 quae
744 1720 843 1801 sanel
859 1718 970 1786 divisa
987 1727 1038 1800 est
1055 1719 1091 1784 in
1112 1719 1298 1805 elementa,
1319 1742 1401 1805 quo·
1424 1736 1449 1784 ο
1470 1720 1521 1783 8v

254 1866 330 1908 rum
365 1843 433 1908 alia
468 1843 668 1929 significant
698 1844 929 1910 substantiam
964 1851 999 1910 et
1027 1856 1108 1910 suut
1140 1844 1401 1931 substantialia,

254 1976 339 2056 puta
363 1969 479 2034 omnia
509 1977 645 2056 praeter
664 1970 713 2051 K;
739 1969 807 2034 alia
836 1969 1035 2054 significant
1065 1968 1224 2035 accidens
1255 1976 1290 2036 et
1320 1977 1403 2036 sunt

255 2093 496 2174 accidentalia,
522 2101 562 2158 ut
592 2116 680 2179 quae
710 2101 792 2159 sunt
819 2117 880 2181 per
908 2095 1023 2180 ipsum
1047 2095 1082 2159 Κ
1106 2095 1310 2181 designata;
1334 2095 1402 2161 alia

190 2223 231 2287 10
255 2219 339 2285 item
358 2227 439 2285 sunt
458 2218 710 2305 intelligibilia,
734 2227 773 2285 ut
797 2220 827 2284 B
843 2220 885 2302 03
904 2220 972 2286 alia
996 2220 1188 2303 sensibilia,
1214 2227 1254 2286 ut
1278 2222 1309 2285 D
1325 2221 1354 2285 E
1373 2221 1402 2284 F

256 2345 288 2409 G
307 2346 341 2410 H
360 2347 395 2427 I;
421 2346 490 2411 alia
512 2345 659 2410 rationis
679 2345 773 2410 entia
800 2346 854 2410 vel
879 2347 922 2411 iis
946 2346 1063 2412 affinia
1086 2347 1131 2411 K.
1156 2345 1289 2432 Anguli
1307 2369 1404 2433 prae-

256 2472 341 2538 dicti
371 2472 468 2537 iuxta
499 2472 583 2553 istas
614 2478 649 2537 et
675 2471 759 2536 alias
788 2473 940 2538 rationes
970 2472 1086 2539 omnia
1113 2474 1269 2539 subiecta
1298 2497 1402 2560 pene·

257 2603 363 2681 trent,
390 2597 470 2681 quia
496 2597 644 2682 angulus
668 2597 698 2661 B
726 2605 886 2684 penetrat
914 2597 1181 2680 intellectualia,
1213 2599 1275 2664 ubi
1306 2598 1403 2663 diffe-

256 2722 368 2786 rentia
387 2720 479 2785 inter
498 2720 732 2787 intellectuale
751 2729 786 2786 et
804 2721 1039 2789 intellectuale
1062 2723 1261 2811 inspicitur,
1293 2729 1334 2787 ut
1364 2722 1401 2788 in

190 2853 230 2917 15
255 2845 379 2934 Bipso
399 2847 491 2912 inter
518 2846 631 2912 Deum
660 2847 817 2930 verbum,
849 2847 941 2913 iuter
970 2849 1082 2913 Deum
1114 2855 1278 2932 mentem,
1309 2848 1401 2913 inter

255 2973 366 3039 Deum
386 2994 549 3054 amerem3
570 2972 608 3037 in
627 2971 653 3036 O
673 2972 765 3037 inter
785 2972 971 3037 Cherubim
990 2980 1024 3038 et
1045 2971 1239 3061 Seraphim;
1261 2973 1298 3037 in
1314 2972 1344 3036 B
1361 2972 1397 3056 O,

255 3105 294 3164 ut
314 3098 405 3162 inter
424 3096 537 3162 Deum
556 3105 591 3161 et
610 3097 786 3182 angelum,
806 3098 1111 3180 interlbonitatem
1130 3105 1164 3164 et
1187 3097 1400 3184 magnitudi-

253 3246 347 3307 nem,
368 3229 402 3287 et
430 3224 480 3287 ita
507 3221 548 3286 <le
579 3223 732 3287 caeteris.
760 3223 824 3288 Est
854 3223 1050 3289 differentia
1075 3224 1166 3288 inter
1189 3222 1346 3288 sensuale
1365 3227 1400 3286 et

254 3351 425 3436 sensuale,
444 3374 521 3416 cunr
540 3351 688 3436 angulus
707 3353 912 3440 Bpeuetrat
931 3353 1022 3418 eirca
1040 3353 1224 3436 sensualia,
1246 3354 1400 3419 conside·

186 3478 231 3544 20
253 3476 360 3543 rande
380 3476 612 3542 differentiam
630 3476 668 3542 in
684 3477 715 3541 D
733 3477 823 3543 inter
840 3476 1030 3544 Saturnum
1046 3484 1080 3543 et
1099 3478 1225 3561 Iovem,
1245 3478 1282 3542 in
1301 3478 1331 3541 E
1350 3478 1401 3543 in-

178 3662 181 3668 .
253 3610 305 3668 ter
322 3603 437 3669 virum
456 3609 491 3667 et
510 3603 702 3687 mulierem,
723 3602 760 3667 in
791 3603 932 3668 Finter
954 3625 1075 3669 canem
1105 3610 1140 3668 et
1165 3603 1398 3690 elephantem,

253 3734 287 3791 et
302 3727 353 3792 ita
367 3727 408 3791 de
425 3727 511 3793 aliis
529 3728 592 3792 Est
608 3726 803 3792 differentia
818 3729 909 3792 inter
925 3728 1081 3793 sensuale
1100 3736 1135 3792 et
1151 3728 1397 3811 intellectuale,

254 3853 350 3917 utin
374 3852 404 3915 B
427 3852 458 3915 D
479 3851 570 3917 inter
589 3853 700 3917 Deum
728 3859 762 3916 et
791 3852 935 3936 coelum,
957 3853 982 3917 Ο
1002 3853 1032 3918 Ε
1053 3853 1144 3918 inter
1174 3854 1336 3938 angelum
1364 3861 1399 3918 et

254 3975 441 4061 hominem,
462 3977 491 4040 E
511 3977 546 4041 K
561 3979 653 4042 inter
671 3977 846 4043 hominem
864 3985 899 4042 et
918 3977 1097 4043 iustitiam.

348 4239 538 4291 lMambrum
561 4239 616 4289 111.
633 4240 679 4302 (cf.
703 4256 721 4288 a
740 4256 769 4303 p.
793 4240 856 4296 215,
877 4240 909 4287 10
930 4246 980 4303 sq.)
1005 4254 1131 4304 corruppe
1153 4236 1190 4299 G,
1212 4255 1224 4286 e
1245 4236 1398 4287 siruilmeute

250 4338 281 4387 p.
295 4323 356 4383 268,
373 4323 386 4368 1
399 4320 559 4370 Membrum
575 4319 634 4382 IV,
647 4320 682 4367 22
695 4320 855 4369 Membrum
873 4320 914 4383 V,
931 4321 992 4379 269,
1009 4321 1041 4367 10
1055 4319 1217 4369 Mambrum
1232 4318 1291 4382 VL,
1306 4319 1398 4378 270‚5

254 4403 414 4453 Meurbrum
429 4400 506 4465 vn,
522 4402 580 4461 271,
595 4404 612 4449 5
628 4401 788 4451 Membrum
807 4400 903 4463 v111.;
923 4400 1010 4450 iuvere
1028 4400 1092 4449 ΑΗ
1105 4401 1168 4463 (riou
1186 4402 1223 4464 A)
1236 4416 1398 4464 carreppono

255 4482 301 4548 qui
314 4483 474 4534 Membrum
489 4482 513 4532 1.
579 4483 608 4531 19
624 4480 749 4546 angulus
764 4480 800 4530 G:
816 4484 937 4544 angelus
951 4481 976 4528 Ρ
989 4480 1100 4544 (ΔΑΗ)
