3414 5122
240 379 299 438 362
682 392 821 436 ionnnru
843 391 946 435 usvnr

239 552 296 616 vel
326 573 368 615 ex
394 551 520 636 quibus
544 557 596 615 est
621 549 754 635 aliquid
778 557 812 614 et
836 550 873 615 in
898 549 990 634 quod
1024 548 1211 614 resolvitur
1246 548 1395 633 aliquid.

240 675 343 742 Actio
357 682 409 740 est
422 678 496 762 ipse
514 676 668 762 operatio
686 675 778 760 quod
794 698 835 739 ex
852 675 928 762 ipso
940 683 1020 740 actu
1032 676 1256 761 consequitur
1283 695 1301 732 *
1330 696 1349 733 *
1376 696 1396 733 s

243 801 540 887 compositionem)
559 799 824 865 affirmationem
844 801 900 865 vel
918 800 1150 886 negationem.

733 1078 846 1142 Onrvr
873 1078 903 1141 4.

200 1325 221 1387 b
334 1321 433 1387 Circa
454 1322 646 1408 capitulum
670 1328 833 1406 quartum
852 1317 1200 1385 animadvertendum
1224 1327 1292 1403 est,
1312 1319 1398 1384 Lul-

245 1448 330 1513 lium
350 1449 393 1513 ad
412 1471 536 1513 novem
553 1447 709 1513 subiecta
727 1445 889 1511 reducere
908 1444 1024 1510 omnia
1049 1443 1090 1508 da
1116 1443 1241 1529 quibus
1260 1444 1398 1530 aliquid

245 1572 387 1656 dicitur,
407 1578 528 1660 utpote
553 1571 728 1654 universa,
749 1592 839 1655 quae
869 1574 904 1634 et
923 1567 1177 1654 qualiacunque
1208 1568 1293 1651 sint,
1316 1592 1398 1635 con·

249 1699 396 1766 veniunt
414 1699 452 1763 in
472 1696 801 1778 considerationem,
830 1703 870 1760 ut
889 1694 931 1759 de
959 1693 1044 1780 ipsis
1063 1693 1195 1779 aliquid
1218 1694 1274 1759 val
1293 1717 1398 1780 nege-

247 1834 304 1890 tur
323 1823 378 1888 vel
398 1824 589 1889 affirmetur
619 1822 674 1886 vel
694 1819 1002 1907 quomodocunque
1031 1819 1266 1885 consideretur
1289 1821 1397 1906 perti·

183 1956 225 2019 10
248 1971 328 2012 nere
349 1947 392 2012 ad
410 1947 532 2012 horum
552 1947 670 2032 alique
687 1947 743 2011 vel
762 1944 911 2030 aliquod.
932 1945 979 2009 Et
992 1951 1082 2010 certe
1094 1944 1184 2009 nihil
1194 1967 1266 2010 esse
1278 1953 1396 2031 potest

248 2074 341 2161 quod
360 2075 515 2161 ipsorum
532 2058 684 2159 aliqdlrm
701 2072 934 2157 subterfugiat
948 2073 1133 2155 rationem,
1145 2072 1237 2157 quod
1249 2072 1396 2158 inquam

251 2201 295 2267 ad
314 2202 416 2267 unius
445 2202 500 2265 vel
520 2201 670 2287 plurium
692 2201 838 2265 istorum
861 2198 985 2264 debeat
1014 2199 1157 2286 figurari
1176 2209 1210 2265 et
1233 2200 1394 2283 formari,

251 2327 366 2392 ditari.
386 2328 511 2411 Itaque
530 2326 675 2392 adhaec
694 2348 818 2390 novem
838 2326 954 2389 omnia
978 2325 1150 2409 dicibilia,
1171 2327 1286 2391 omnia
1318 2350 1398 2414 pro-

250 2452 422 2539 ponibilie
441 2452 669 2532 reducuntur,
690 2457 724 2515 et
744 2450 833 2515 nihil
856 2458 952 2515 extra
972 2451 1055 2515 haec
1075 2474 1199 2517 novem
1218 2452 1305 2539 fingi
1333 2475 1394 2540 po·

183 2577 226 2641 lo
249 2584 332 2661 test,
353 2576 634 2663 quandoquidem
648 2599 692 2640 ne
708 2576 783 2662 ipse
800 2575 938 2661 quidem
959 2575 1139 2661 figmenta,
1159 2599 1246 2661 quae
1265 2578 1399 2663 fingen-

249 2703 295 2768 tis
315 2702 546 2767 instrumenta
566 2709 600 2766 et
617 2701 821 2787 decipientis
836 2708 916 2766 sunt
933 2708 967 2766 et
984 2703 1140 2783 errantis,
1155 2701 1198 2766 od
1214 2702 1397 2789 proprium

248 2850 358 2911 genus
386 2825 607 2893 reducuntur.
628 2827 784 2891 Primum
811 2827 918 2912 igitur
942 2827 1034 2911 quod
1053 2827 1090 2892 in
1114 2827 1179 2892 hec
1198 2835 1272 2893 erte
1293 2827 1399 2895 debet

248 2974 320 3015 esse
340 2951 578 3033 manifestum,
600 2957 652 3017 est
671 2953 760 3017 ratio
780 2975 848 3036 qua
867 2952 1095 3038 quodcunque
1116 2953 1333 3039 propositum
1354 2955 1399 3019 ad

250 3098 346 3140 suem
368 3077 510 3141 classem
530 3077 709 3142 referatur.
723 3078 815 3141 Huic
828 3078 1096 3142 c‹.·›nsi‹lerationi
1110 3078 1262 3144 succedit
1272 3078 1398 3144 efferre

183 3209 228 3270 ‘20
251 3223 375 3266 novem
408 3202 554 3266 istorum
586 3202 804 3267 definitiones
838 3203 1079 3288 persingulas,
1114 3226 1201 3288 quae
1229 3205 1279 3268 ita
1314 3210 1398 3298 sunt

251 3326 411 3411 propriae
445 3327 631 3412 generibus
668 3327 753 3413 ipsis
788 3350 847 3392 seu
876 3328 1104 3411 qualitatibus
1142 3329 1320 3411 subiectis,
1358 3336 1397 3395 ut

250 3451 547 3517 connumerabilos
567 3459 601 3516 et
620 3475 831 3535 communeS,
853 3452 1127 3538 appropriebiles
1145 3461 1179 3518 et
1196 3456 1399 3540 appropria-

249 3586 305 3640 tae
325 3600 397 3642 esse
428 3577 561 3663 possint
590 3577 738 3663 singulis
766 3592 800 3642 et
830 3576 1084 3644 universalibus
1113 3585 1148 3643 ct
1176 3579 1397 3666 particulari·

250 3704 314 3768 bns
348 3703 449 3767 etad
484 3703 559 3790 ipsa
591 3703 853 3783 reducibilibuS,
890 3712 928 3768 ut
960 3727 1040 3769 mox
1073 3727 1135 3790 per
1167 3705 1340 3792 principia
1361 3713 1395 3771 et

183 3839 226 3900 25
251 3830 420 3893 elementa
445 3828 538 3893 illius
562 3829 750 3893 secundum
777 3851 852 3893 eam
881 3829 1051 3895 rationem
1081 3831 1260 3917 regulatee
1288 3831 1395 3896 dedu·

251 3961 386 4018 cuntur.

259 4122 575 4131 --.---.-.-.
581 4125 694 4131 ...m-...i
706 4125 871 4131 --—-.-.
878 4125 913 4134 .-.,
918 4125 1033 4131 .——-—

345 4224 357 4269 l
375 4219 427 4289 oet]
441 4237 472 4271 se
489 4221 511 4270 A
575 4223 624 4272 23
640 4221 679 4271 eie
695 4222 717 4271 A
738 4219 901 4289 (comp‘eso‘e
914 4224 1039 4287 potrebbe
1055 4240 1139 4274 essere
1156 4225 1240 4275 aneta
1256 4228 1395 4291 composi·

251 4300 354 4364 tione),
373 4302 442 4364 (lopo
460 4301 648 4367 consequitur
666 4302 687 4351 ic
704 4310 772 4352 recto
789 4304 831 4353 del
847 4302 907 4368 rige
924 4301 1010 4365 (circa
1026 4322 1081 4354 unu
1096 4305 1204 4356 centina
1220 4305 1250 4356 ‹u'
1266 4305 1365 4371 lettere)
1383 4305 1395 4356 ὲ

251 4387 340 4441 ructo,
359 4399 372 4430 a
392 4382 438 4431 ποί
459 4381 623 4434 indietiamo
645 4401 701 4432 enm
723 4384 820 4433 lucrm
884 4385 914 4432 12
930 4385 1053 4434 istorum
1071 4386 1303 4443 <similitudinem
1320 4395 1394 4445 non)

251 4462 353 4512 debeat
370 4479 384 4513 c
401 4461 482 4513 sim?
544 4464 574 4513 21
592 4464 662 4531 dopo
679 4465 833 4528 generibus
848 4463 1067 4517 concellaneus

1424 1071 1522 1134 59*
