3414 5122
304 369 361 427 186
743 378 883 422 roaoarr
904 377 1006 421 curm

303 560 365 626 per
384 535 498 602 radios
524 536 568 602 ab
597 535 695 600 oculo
726 533 852 599 effusos
875 557 947 599 sese
967 533 1214 620 explicaverat,
1234 532 1263 597 si
1281 531 1409 597 iterum
1426 553 1447 595 a

306 663 452 729 diversis
471 661 615 728 obiectis
638 660 793 726 imbutus
820 658 966 725 dirersis
995 658 1176 725 affectibus
1203 655 1445 740 contrahatur,

303 788 474 855 similibus
494 795 584 853 certe
610 786 765 852 animum
783 785 896 850 inficit
914 784 1142 872 passionibus.
1162 784 1255 848 Hinc
1278 780 1447 868 quaedam

304 915 376 982 solo
407 920 548 1002 aspectu
576 934 755 997 nauseam,
779 919 969 999 stuporem,
992 910 1225 991 dulcedinem,
1243 918 1446 994 tremorem,

260 1050 281 1113 5
306 1041 504 1128 similiaque
523 1049 557 1106 ot
577 1040 646 1106 alia
663 1039 889 1105 incitamenta
909 1039 1106 1121 conferunt3
1125 1038 1232 1104 alium
1251 1037 1340 1103 male
1360 1037 1450 1103 affici

306 1167 525 1255 aspicienteS,
543 1166 612 1254 ipsi
629 1166 782 1232 dolorem
802 1164 920 1230 eadem
932 1164 970 1229 in
985 1171 1085 1251 parte
1097 1164 1278 1247 sentimus;
1290 1162 1447 1229 videntes

306 1293 459 1359 alienum
479 1291 610 1359 effundi
629 1291 845 1379 sangiunern,
862 1290 1049 1380 deficimus.
1065 1290 1107 1357 Id
1123 1299 1214 1357 certe
1230 1289 1361 1376 aliquid
1377 1289 1446 1377 spi·

305 1420 431 1486 rituale
447 1420 491 1485 ab
505 1419 657 1485 externis
673 1418 716 1484 ad
732 1418 870 1483 interna
887 1424 1103 1483 contractum
1121 1416 1276 1483 conferre
1295 1416 1448 1483 iudican-

304 1546 395 1612 dum.
404 1545 525 1635 {quue
539 1568 609 1610 non
625 1544 737 1611 solum
751 1567 793 1610 ex
811 1545 889 1610 uisu
905 1545 1076 1632 provenit,
1088 1543 1148 1610 scd
1162 1554 1197 1609 et
1209 1566 1251 1608 ex
1261 1542 1446 1631 phantasia
1471 1542 1580 1606 5'74

242 1682 282 1746 10
304 1677 399 1737 etex
419 1670 562 1755 olfactu,
582 1669 863 1757 quandoquidem
883 1693 925 1736 ex
944 1669 1161 1755 quorundam
1184 1669 1447 1756 pharmacorum

303 1802 338 1861 et
357 1794 568 1882 simplicium
588 1795 691 1862 odore
708 1796 780 1862 vim
803 1796 1025 1884 purgativam
1045 1794 1297 1877 contrahimus,
1316 1792 1448 1878 aliquid

303 1923 409 1989 etiarn
427 1922 638 1989 horrendum
656 1923 849 2005 audienteS,
872 1923 977 1990 etiam
997 1921 1089 2007 quod
1108 1921 1299 1987 iudicemus
1317 1920 1451 1987 fabulo·

303 2072 393 2132 sum,
411 2049 723 2133 contremiscimus,
737 2056 771 2115 et
792 2048 1018 2134 quorumdam
1037 2047 1140 2113 etiam
1162 2053 1296 2113 attactu
1311 2046 1449 2113 morbos

305 2173 550 2241 contrahimus.

1394 2334 1411 2359 Ω

684 2396 718 2436 De
732 2407 794 2436 ncne
807 2397 971 2437 contraetloulr
984 2399 1069 2446 specie.

392 2598 474 2687 (43.)
497 2599 757 2682 contractione,
779 2621 866 2686 quae
889 2623 910 2665 a
934 2600 1107 2688 cupidinis
1121 2601 1257 2668 fervore
1280 2601 1447 2685 exoritur,

305 2726 348 2792 ad
378 2726 590 2814 imaginatae
613 2726 669 2793 vol
691 2726 787 2792 visae
810 2727 865 2792 vel
884 2727 1089 2813 concupitae
1110 2727 1161 2792 rei
1184 2727 1448 2794 similitudinem

305 2849 519 2918 diversorum
537 2874 703 2938 generum
719 2858 863 2917 eventus
882 2851 1061 2917 succedere
1080 2852 1252 2935 novimum
1278 2852 1368 2939 quod
1387 2874 1448 2918 no-

304 2978 358 3044 vit
376 2984 411 3043 et
433 2979 554 3062 Iacob,
573 2978 634 3064 qui
657 2978 801 3045 obiectis
819 2986 901 3044 ante
925 3001 1004 3044 oves
1028 2985 1063 3044 et
1086 2979 1210 3045 arietes
1230 2979 1447 3046 decorticatis

238 3109 283 3172 20
306 3113 341 3170 et
360 3103 588 3170 discoloribus
611 3104 721 3191 virgis
742 3109 746 3191 l
767 3104 937 3170 efficiebat
960 3128 1004 3170 ne
1027 3105 1177 3192 simplici
1201 3109 1312 3172 colore
1335 3104 1449 3171 foetus
1473 3124 1498 3173 e
1519 3110 1571 3174 6ΙΡ

306 3228 499 3295 ederentur.
515 3229 753 3316 Praegnantes
766 3252 900 3316 qnoque
914 3232 1026 3317 specie
1040 3238 1192 3317 notaque
1207 3231 1257 3296 rei
1271 3231 1449 3297 ardentius

306 3357 512 3444 concupitae
535 3356 667 3422 foetum
686 3357 864 3443 proprium
882 3357 1038 3423 inurunt.

671 3618 705 3656 Dc
720 3618 809 3657 decima
823 3619 985 3658 contractionis
1000 3618 1083 3666 specto.

393 3833 475 3924 (44.)
499 3835 745 3900 Contractione
762 3857 781 3900 a
800 3835 955 3902 sensibus
974 3839 1140 3922 externis,
1161 3838 1278 3904 duma
1297 3840 1448 3927 propriis

239 3968 282 4031 Ξῖ)
306 3959 443 4025 actibus
463 3982 525 4046 per
550 3982 708 4026 somnum
737 3961 998 4046 conquiescunt,
1022 3963 1153 4029 interni
1176 3986 1309 4050 sensus,
1338 3967 1449 4032 veluti

305 4087 417 4172 magis
450 4095 667 4174 vegetantes,
702 4088 858 4154 vivacius
896 4090 1053 4177 proprias
1090 4091 1219 4178 species
1257 4092 1448 4180 persentire

404 4352 594 4404 banimamG
644 4353 741 4404 laem
762 4350 1113 4404 mancarroiaumcn'inP
1159 4355 1190 4404 19
1207 4352 1265 4404 Gca
1289 4355 1333 4414 30,
1344 4356 1379 4403 37
1392 4370 1447 4419 sqq.

306 4432 690 4488 memsaetusefaetumr
752 4433 1085 4487 minternosenaendau
