3414 5122
681 385 820 430 loauaru
842 385 944 431 Buvm

431 651 494 716 DE
527 652 686 717 SEXTA
718 652 913 718 REGVLA
945 652 1133 731 ‘QVALE‘
1167 655 1208 719 G.

707 873 772 914 v111.
788 874 923 914 Membrnm.

333 1063 496 1143 Quaestio
513 1062 597 1128 haec
617 1061 880 1149 praecedentem
899 1061 1055 1147 sequitur
1073 1061 1117 1127 ob
1138 1060 1268 1127 dictam
1287 1060 1392 1125 ratio-

241 1213 334 1272 nem,
355 1188 437 1274 quia
460 1186 573 1252 omnis
596 1184 742 1272 physica
766 1187 918 1271 qualitas
942 1193 994 1252 est
1013 1208 1175 1274 corporea
1206 1193 1241 1251 et
1271 1192 1323 1251 est
1352 1185 1391 1248 in

198 1315 219 1378 b
242 1315 396 1381 subiecto
409 1311 662 1378 dimensionato
676 1311 881 1394 consistens3
894 1334 965 1377 non
978 1321 1148 1397 quantum
1164 1313 1265 1396 enim,
1279 1331 1392 1395 neque

243 1438 380 1521 mobile,
403 1459 514 1522 neque
535 1436 730 1520 alterabile,
746 1460 859 1524 neque
878 1437 1041 1521 calidum,
1057 1460 1169 1522 neque
1182 1459 1299 1501 rarum
1319 1457 1393 1500 esse

243 1571 367 1653 potest.
387 1563 480 1628 Hinc
498 1567 591 1627 recte
616 1563 772 1627 sentiunt
792 1563 933 1648 quidam
956 1586 974 1628 e
993 1561 1183 1628 Platonicis
1208 1569 1313 1647 atque
1332 1561 1395 1625 Pe-

243 1688 448 1775 ripateticis,
469 1685 651 1752 materiam
669 1685 843 1752 mediante
864 1687 1061 1771 quantitate
1085 1709 1158 1752 esse
1178 1687 1393 1771 reliquorum

244 1813 475 1879 accidentium
503 1812 749 1898 susceptivam,
774 1835 838 1878 nec
860 1813 975 1878 minus
1000 1835 1151 1898 congrue
1181 1812 1240 1896 qui
1271 1811 1393 1876 meunt

182 1946 224 2010 10
247 1939 548 2003 indeterminatam
575 1931 807 2022 quantitatem
839 1961 912 2004 esse
940 1960 1018 2003 cum
1047 1937 1194 2003 materia
1223 1944 1391 2024 perpetuo

247 2063 504 2147 consistentem,
523 2072 527 2152 1
548 2085 636 2148 quae
655 2062 800 2129 subinde
820 2086 881 2149 per
904 2071 1014 2128 certas
1034 2064 1306 2148 terminatasque
1324 2060 1393 2126 for·
1416 2073 1441 2121 e
1465 2058 1521 2121 δ’

247 2211 320 2253 mas
339 2187 604 2270 substantiales,
624 2187 686 2252 has
702 2187 757 2253 vel
773 2187 862 2271 illas,
882 2188 1028 2253 maiores
1044 2189 1100 2253 vel
1116 2187 1281 2271 minores,
1295 2187 1394 2251 iuxta

248 2335 356 2379 unum
374 2314 430 2379 vel
449 2312 556 2378 alium
575 2313 722 2399 gradum
741 2321 775 2378 et
794 2335 976 2378 numerum
992 2313 1059 2378 sibi
1077 2312 1246 2378 definiant
1264 2311 1396 2377 dimen-

249 2439 378 2521 siones,
399 2460 485 2522 quas
509 2437 663 2503 conditio
692 2439 886 2504 essentialis
910 2438 1158 2525 specificaeque
1178 2436 1395 2502 differentiae

184 2567 225 2631 15
248 2571 374 2629 natura
393 2563 509 2653 velut}
531 2565 670 2644 intexit,
685 2570 724 2629 ut
743 2564 889 2630 subinde
907 2565 1120 2629 extrinsecae
1133 2564 1319 2649 qualitates
1331 2584 1395 2649 pro
1421 2567 1532 2632 6⁹73

249 2689 426 2755 commodo
445 2689 659 2774 subiectique
678 2690 905 2776 congruentia
925 2689 1181 2776 superveniant.

338 2816 433 2880 Duas
452 2814 558 2882 habet
576 2815 660 2880 haec
679 2815 799 2901 regula
819 2816 961 2901 specieS,
982 2821 1021 2880 ut
1040 2815 1168 2902 duplex
1198 2822 1250 2879 est
1279 2814 1395 2899 quale:

249 2942 427 3029 proprium
446 2941 608 3006 videlicet
627 2948 661 3004 et
685 2941 957 3027 appropriatum.
982 2941 1138 3005 Primum
1162 2948 1214 3005 est
1237 2940 1396 3005 naturale

249 3069 477 3151 innatamque
494 3065 594 3147 illud,
623 3066 713 3150 quod
738 3065 802 3130 soli
826 3065 954 3151 speciei
974 3064 1137 3129 convenit
1161 3072 1195 3129 et
1223 3086 1300 3129 cum
1320 3062 1397 3150 ipsa

183 3197 227 3259 20
249 3191 482 3278 praedicative
516 3190 746 3273 convertitur,
780 3190 833 3255 illi
859 3191 923 3256 soli
954 3191 1048 3254 omni
1082 3212 1285 3276 semperque
1319 3211 1398 3254 con·

249 3339 386 3402 gruem.
412 3315 607 3381 Secundum
632 3321 683 3380 est
707 3315 797 3401 quod
820 3323 900 3402 post
923 3322 958 3379 et
982 3322 1079 3379 extra
1099 3316 1256 3380 innatam
1286 3314 1396 3398 quali·

249 3447 368 3523 tatem,
390 3448 450 3506 aut
472 3448 621 3528 praeter,
653 3449 714 3506 aut
742 3441 846 3523 ultra,
878 3449 939 3506 aut
969 3463 1087 3527 supra,
1114 3447 1175 3505 aut
1205 3440 1394 3506 secundum

249 3571 449 3650 sequentem
470 3573 614 3631 naturae
639 3566 793 3630 ordinem
817 3565 983 3650 succedit,
1005 3574 1065 3631 aut
1091 3588 1111 3629 a
1143 3587 1223 3630 casu
1248 3565 1303 3629 vel
1328 3563 1397 3629 for·

250 3698 349 3775 tuna,
365 3698 426 3757 aut
446 3692 489 3757 ab
509 3691 698 3756 intrinseca
714 3692 894 3774 electione,
913 3691 1085 3776 quomodo
1105 3697 1139 3754 et
1157 3690 1395 3776 qualecunque

183 3828 225 3891 25
250 3817 295 3881 sit
318 3815 414 3882 illud.

340 3940 543 4027 Exemplum
573 3941 705 4026 primae
737 3941 877 4027 speciei,
912 3941 941 4005 si
976 3947 1163 4025 quaeratur
1192 3938 1320 4025 'qualis
1344 3947 1397 4005 est

250 4064 389 4129 hemel*
408 4064 536 4131 dicitur
554 4087 616 4152 per
633 4065 784 4152 primam
801 4066 957 4153 regulam
976 4064 1007 4129 G
1027 4065 1094 4131 'est
1116 4065 1260 4131 risibilis
1268 4066 1283 4149 ',
1304 4064 1397 4151 quod

250 4195 302 4254 est
325 4212 386 4277 per
407 4189 565 4257 innatam
595 4192 813 4277 qualitatem,
842 4191 909 4257 ‘est
937 4191 1146 4274 rationalis',
1176 4191 1268 4279 quod
1296 4191 1397 4257 inno-

346 4452 376 4503 ia
393 4452 534 4503 definiant
549 4452 584 4502 P:
599 4450 719 4503 definiat
732 4450 879 4502 emeridaG
944 4453 974 4501 14
991 4451 1182 4520 specificeque
1196 4454 1249 4505 PG
