3414 5122
385 464 429 510 DE
450 464 682 510 COMPENDIOSA
705 463 960 510 ABGHI'PEO'I'VRA
982 464 1078 508 ARTIS
1100 463 1217 509 nvnan.
1338 450 1374 509 17

230 621 267 687 in
294 619 532 708 metaphysica
561 625 596 685 et
625 619 737 703 logica
768 625 981 706 supponunt,
1001 641 1071 683 non
1099 625 1215 685 autem
1245 620 1283 685 in
1310 619 1375 686 hac

229 754 304 812 arte
318 745 590 832 generalissima,
608 766 695 828 quae
709 744 843 827 omtnia
856 743 957 809 modo
970 765 1031 810 suo
1051 744 1219 831 applicari
1233 745 1311 810 vult
1331 745 1374 811 ad
1400 745 1481 807 10*

229 872 358 954 omnia,
379 878 471 937 utet
494 871 532 936 in
555 871 630 957 ipsa
655 870 851 936 substantia
875 870 1142 936 substantialem
1167 869 1376 957 magnitudi-

228 1021 307 1064 nem
327 1003 361 1063 et
384 995 588 1082 qualitatem
617 995 762 1061 rimetur
789 1003 868 1077 etc,
889 996 949 1082 qui
970 1001 1085 1082 potest
1108 1017 1229 1082 capere
1249 995 1373 1082 capiat.

543 1228 577 1267 Ad
592 1229 680 1279 prinmo
695 1228 779 1278 figurae
795 1231 955 1269 retentionem.
971 1231 1025 1280 Cap.
1041 1230 1061 1270 t.

319 1386 515 1476 Suppositis
535 1408 670 1472 quoque
689 1386 732 1451 iis
756 1409 843 1472 quae
868 1385 909 1452 de
933 1388 1067 1453 ratione
1086 1388 1321 1456 subiectorum
1339 1401 1374 1457 et

229 1514 440 1580 collectorum
456 1519 538 1577 sunt
556 1510 728 1592 habenda,
746 1511 873 1578 atrium
895 1512 1100 1598 quadratum
1117 1536 1241 1581 novem
1257 1515 1375 1582 discri-

231 1635 658 1723 minatumconceptaculis
670 1635 804 1718 habero,
812 1635 908 1701 cuius
917 1637 1036 1722 anguli
1049 1644 1215 1724 quattuor
1221 1640 1374 1707 habeant

230 1769 411 1848 elementa,
438 1770 473 1827 et
500 1761 613 1826 media
643 1762 791 1827 laterum
818 1768 967 1847 quatuor
991 1765 1185 1850 sequentia,
1210 1767 1373 1834 ultimum

166 1903 208 1966 10
230 1914 311 1957 vero
331 1889 492 1977 quadrati
508 1886 669 1952 medium.
689 1886 805 1953 Habet
821 1910 902 1974 crgo
920 1890 1066 1976 angulus
1082 1891 1225 1958 orientis
1244 1893 1287 1976 B,
1301 1916 1374 1982 sep·

229 2016 413 2085 tentrionis
440 2014 480 2098 C,
514 2013 701 2079 occidentis
727 2014 772 2097 D,
805 2013 960 2080 meridiei
989 2015 1032 2099 E,
1051 2017 1143 2084 latus
1163 2018 1312 2086 orientis
1326 2021 1373 2103 F,

229 2151 321 2215 latus
338 2143 583 2232 septentrionis
603 2142 649 2224 G,
667 2141 853 2208 occidentis
869 2142 916 2225 H,
936 2143 1093 2239 meridiei
1109 2146 1139 2229 I,
1158 2145 1310 2214 medium
1328 2150 1373 2216 K.

230 2273 285 2339 Ibi
305 2277 553 2355 consequenter
580 2267 685 2334 habes
716 2266 822 2332 fixum
842 2267 997 2334 ordinem
1017 2272 1295 2357 conversionum,
1321 2272 1375 2340 de·

230 2396 575 2480 nominationumqne
591 2392 744 2458 omnium
769 2415 830 2479 per
853 2393 1003 2479 singula,
1016 2400 1055 2457 et
1072 2393 1288 2480 singulorum
1311 2421 1374 2486 per

166 2534 208 2599 15
231 2523 355 2590 omnia.
384 2519 583 2589 Rotundam
611 2519 760 2604 figuram
790 2524 956 2603 tanquam
987 2519 1170 2587 memoriae
1194 2520 1372 2589 inimicam

231 2649 451 2738 despicimus
469 2643 670 2731 angularem
689 2651 729 2710 ut
753 2642 863 2709 eidem
878 2642 1183 2714 familiarissimam
1202 2648 1370 2734 eligimus.

626 4060 660 4099 Do
675 4059 775 4100 secunda
788 4060 867 4108 figur-m
882 4059 936 4109 Cap.
953 4061 972 4098 6.

319 4212 476 4280 Secunda
495 4212 605 4300 figura
623 4236 685 4300 por
701 4214 909 4279 clementum
931 4214 959 4278 Τ
976 4212 1184 4299 significata,
1205 4209 1297 4296 quod
1316 4216 1367 4274 est

228 4339 379 4427 primum
391 4339 427 4402 in
440 4338 591 4404 dictione
606 4337 823 4423 'Triangul.',
840 4346 909 4404 tres
924 4338 962 4403 in
978 4361 1018 4402 ca
1034 4336 1228 4424 implicatos
1250 4336 1253 4424 l
1275 4357 1365 4399 com·
1390 4345 1500 4410 248

321 4538 334 4587 1
352 4535 567 4603 methaphysica
577 4536 604 4585 P
666 4537 682 4586 8
698 4540 822 4600 quatuor
837 4535 862 4584 G
924 4535 954 4584 19
970 4531 1118 4596 Triangul.
1130 4531 1173 4582 1¹:
1189 4530 1330 4596 trianguli
1341 4531 1366 4582 G

360 4631 437 4671 Barur
452 4630 506 4679 Opp.
521 4633 562 4669 lat.
578 4630 610 4673 11.
629 4632 650 4669 2.
1195 4624 1207 4663 3
