3414 5122
560 417 605 461 66
625 417 781 462 isumus
802 416 1058 465 constiturorum.
1325 401 1384 458 285

240 596 294 639 ros
324 573 416 638 enim
447 572 507 638 ubi
536 595 598 658 per
632 572 819 639 intrinseca
849 583 953 660 atque
987 575 1129 661 propria
1166 572 1382 638 considerata

240 698 358 778 fuerit,
380 720 441 784 per
460 695 585 778 aliena,
604 699 798 763 extrinseca
821 707 856 764 et
880 698 988 764 relata
1006 697 1234 783 contemplari
1254 695 1385 761 deside·

240 830 308 904 rat,
325 844 448 909 nempe
467 821 551 907 qnid
569 822 615 886 sit
634 830 668 887 61
687 821 812 888 habeat
831 823 869 888 in
888 823 965 889 alio.
987 823 1033 887 Et
1050 823 1115 887 hoc
1131 822 1333 908 dupliciter:
1350 829 1385 885 et

240 946 357 1033 perid
376 945 467 1032 quod
486 954 612 1032 potest,
637 947 711 1032 agit
734 955 769 1011 et
793 955 911 1012 causat
935 949 972 1013 in
998 969 1051 1030 eo,
1077 956 1112 1013 61
1141 969 1203 1034 per
1229 946 1264 1010 id
1293 945 1385 1030 quod

197 1071 218 1133 5
240 1072 284 1137 ab
303 1070 422 1137 eodem
440 1078 555 1157 potest
574 1071 649 1157 pati
668 1079 773 1156 atque
791 1072 956 1159 recipere,
976 1072 1100 1158 recipit
1115 1081 1219 1158 atque
1235 1072 1384 1158 patitur;

240 1194 344 1281 idque
360 1195 533 1283 triplicem
549 1194 763 1284 inspiciendo
780 1198 970 1282 regionem:
982 1195 1192 1282 superiorem
1205 1194 1383 1278 maiorum,

242 1321 434 1404 meliorum,
458 1321 635 1406 aequalem
659 1321 795 1406 parium
823 1321 1072 1406 similiumque,
1103 1320 1301 1385 inferiorem
1321 1320 1384 1383 mi-

242 1467 364 1512 norum
399 1453 434 1510 et
466 1445 685 1512 deteriorum.
716 1445 836 1511 Simile
870 1446 969 1511 iuxta
994 1445 1079 1511 alios
1113 1444 1308 1531 triangulos
1341 1444 1385 1509 ad

242 1570 505 1636 distinctionum
524 1570 661 1635 ordines
680 1576 753 1637 esto
771 1569 948 1636 iudicium.

80 1693 82 1697 ’
179 1699 220 1762 10
331 1695 438 1774 ‘Quid
449 1695 554 1762 habet
566 1695 603 1761 in
622 1695 704 1761 alio*
723 1699 878 1782 sequitur
893 1695 1049 1782 proxime
1068 1695 1197 1760 dictam
1214 1696 1384 1780 quaestio-

243 1843 337 1902 nem,
357 1821 447 1886 siout
466 1842 538 1886 esse
556 1819 731 1907 praecedit
750 1820 876 1886 habere
895 1827 930 1885 61
944 1819 1084 1886 habitus
1098 1821 1292 1886 essentiam.
1309 1820 1385 1885 Hoc

244 1946 369 2011 habere
386 1947 424 2011 in
443 1945 512 2011 alio
535 1945 753 2011 examinatur
775 1968 880 2033 penes
911 1946 1155 2031 consequentia
1185 1946 1386 2031 contingen·

244 2071 362 2156 tiaque
385 2071 417 2135 ei
442 2069 484 2135 de
503 2091 571 2156 quo
590 2078 642 2136 est
661 2069 834 2157 quaestio,
855 2071 906 2136 ita
920 2071 958 2135 in
978 2069 1045 2135 alio
1062 2078 1200 2156 agente,
1217 2069 1385 2155 patiente,

244 2197 465 2278 consistente,
503 2195 775 2278 concomitante,
813 2194 952 2279 maiori,
991 2195 1136 2278 minori,
1171 2195 1307 2279 aequali
1351 2202 1386 2258 61

180 2319 221 2381 15
245 2319 427 2386 aliusmodi
444 2320 542 2385 iuxta
560 2321 715 2407 proxime
734 2320 931 2407 designatas
947 2322 1107 2386 rationes.

333 2445 539 2532 Exemplum
567 2445 668 2512 huius
698 2447 837 2532 regulae
864 2446 891 2510 Ο
915 2445 1013 2532 ‘quid
1044 2452 1095 2510 est
1121 2446 1223 2511 homo
1252 2445 1291 2510 in
1316 2444 1386 2509 sel*

244 2570 439 2636 substantia
459 2571 614 2636 animata
632 2572 826 2654 rationalis3
843 2570 941 2657 ‘quid
959 2571 1064 2636 habet
1084 2570 1120 2636 in
1139 2571 1209 2636 se‘fl'
1230 2570 1387 2636 humani·

244 2702 366 2778 tatem,
391 2695 620 2778 intellectum,
645 2695 873 2777 voluntatem,
898 2719 1035 2762 sensum
1060 2703 1137 2779 etc.;
1156 2695 1258 2781 'quid
1277 2704 1328 2761 est
1348 2696 1385 2760 in

244 2818 349 2886 alio?³
368 2820 407 2885 in
424 2820 528 2886 Italia
548 2820 672 2904 Italus,
694 2823 730 2887 in
749 2821 921 2908 sapientia
950 2821 1100 2908 sapiens,
1127 2823 1165 2887 in
1192 2822 1267 2887 loco
1297 2821 1388 2887 loca·

178 2950 223 3012 20
245 2950 334 3026 tum,
355 2944 391 3008 16
410 2945 479 3010 fine
497 2946 698 3031 gloriosum;
719 2945 819 3032 'quid
847 2945 950 3012 habet
979 2949 1015 3012 in
1045 2946 1153 3011 alio?
1183 2947 1220 3010 16
1249 2947 1388 3011 demon·

245 3068 445 3134 strabilibus
464 3070 645 3137 scientiam
664 3072 901 3153 strationem,
930 3074 968 3137 iu
998 3071 1221 3137 sensibilibus
1250 3094 1386 3137 sensum

244 3202 279 3258 61
298 3194 532 3280 phantasiam,
552 3195 589 3260 in
617 3196 781 3282 possessis
810 3196 1015 3278 dominium,
1035 3197 1074 3260 in
1097 3197 1169 3261 Deo
1199 3219 1295 3282 spem
1325 3204 1387 3262 etc.

246 3318 364 3384 Simile
384 3318 425 3384 de
444 3320 521 3385 aliis
539 3320 719 3405 iudicium,
741 3306 963 3387 discurrendo
987 3345 1048 3408 per
1062 3321 1064 3385 ὲ
1080 3321 1289 3407 differentia,
1311 3300 1390 3387 oon·
1414 3320 1522 3382 669

245 3443 368 3525 traria,
400 3445 681 3530 contradictoria,
711 3446 854 3529 similia,
885 3446 1079 3531 dissimilia,
1115 3449 1244 3535 priora,
1275 3455 1387 3533 poste·
1411 3468 1436 3516 e
1457 3454 1510 3515 3ν

179 3571 222 3634 25
245 3567 337 3634 riora
356 3575 419 3635 etc.

406 3776 470 3841 DE
503 3776 679 3843 TERTIA
710 3778 905 3844 REGVLA
936 3778 1015 3843 'DE
1049 3778 1155 3857 QVO'
1190 3779 1231 3844 D.

728 3944 754 3984 V.
772 3945 905 3985 Mambrum.

336 4091 477 4171 Questio
507 4093 564 4160 ‘de
592 4095 672 4182 quo*
702 4096 857 4182 sequitur
880 4097 992 4184 ipsam
1024 4121 1110 4184 quae
1140 4107 1192 4163 est
1210 4097 1316 4185 'quod
1337 4109 1389 4165 est

248 4218 286 4284 in
319 4219 416 4301 alio',
454 4221 543 4286 sicut
576 4229 750 4306 respectus
784 4222 996 4288 extrinsecus
1028 4223 1267 4308 intrinsecum,
1296 4225 1387 4310 quod

996 4395 1041 4401 —
1047 4395 1205 4402 .-.———....
1212 4397 1283 4402 --.
1292 4396 1378 4404 —

340 4483 372 4534 22
388 4483 545 4534 dominium
560 4480 625 4533 Au:
642 4481 822 4535 domininum
837 4484 863 4535 P
