3414 5122
668 425 814 471 aroruuvs
836 426 1045 472 srsruuoavu.
1371 414 1427 473 193

283 590 389 671 queat
406 583 581 650 infirmare
600 583 783 651 timorem?
802 585 877 671 Ego
897 607 989 669 eum,
1009 586 1069 671 qui
1088 585 1190 652 timet
1207 610 1227 652 a
1245 585 1425 674 corporeis,

283 731 470 796 numquam
488 709 617 776 divinis
631 709 738 776 fuisse
755 711 977 776 coniunctum
993 710 1094 776 facile
1111 709 1330 795 crediderim3
1347 733 1427 776 vere

283 837 376 902 enim
395 836 532 923 sapiens
552 842 586 901 et
614 836 804 922 virtuosus,
835 860 912 903 oum
936 837 1089 905 dolorem
1111 860 1181 904 non
1212 837 1354 920 sentiat,
1375 845 1427 903 est

283 963 436 1051 perfecte
456 967 508 1046 (ut
526 962 718 1050 praesentis
736 963 831 1029 vitae
854 963 1007 1031 conditio
1026 964 1117 1030 ferre
1143 969 1270 1052 potest)
1290 964 1425 1046 beatus,

241 1099 262 1162 5
286 1089 315 1154 si
334 1111 407 1155 rem
427 1087 573 1154 rationis
593 1088 691 1154 oculo
711 1088 797 1153 velis
816 1089 977 1176 aspicere.

376 1341 428 1405 50.
449 1339 502 1404 Ex
526 1338 581 1404 his
612 1338 720 1405 habes
751 1340 1009 1428 contemplandi
1035 1340 1165 1424 locum,
1201 1345 1286 1425 quot
1319 1339 1429 1406 modis

285 1465 482 1553 frugaliter,
516 1465 689 1532 inutiliter
722 1475 758 1532 et
790 1465 981 1553 perniciose
1016 1466 1177 1553 spiritum
1210 1464 1428 1550 contrahere,

286 1593 376 1658 vires
395 1591 521 1674 accire,
540 1591 696 1657 animum
713 1590 893 1657 intendere
911 1591 954 1657 ad
973 1591 1234 1678 speculandum,
1252 1591 1428 1679 speculata
1453 1587 1544 1650 12¹

286 1717 551 1806 intelligendum
570 1725 604 1783 et
623 1717 799 1783 intellecta
819 1718 824 1807 Ι
845 1716 1076 1804 retinendum,
1093 1741 1269 1806 novasque
1292 1742 1354 1807 per
1377 1726 1427 1784 te-

219 1850 261 1914 10
283 1849 353 1909 met
369 1843 591 1910 formandum
607 1849 642 1908 et
658 1842 922 1930 concipiendum
935 1843 1178 1932 impressiones
1194 1846 1325 1924 valona,
1340 1852 1375 1910 et
1390 1844 1427 1910 in

283 1970 456 2037 similibus
475 1992 538 2057 per
558 1968 768 2054 consimilia,
798 1969 836 2033 in
855 1970 1171 2057 proportionalibus
1194 1993 1257 2057 per
1277 1991 1429 2056 compro·

283 2100 511 2187 portionalis,
533 2099 570 2165 in
590 2099 737 2165 diversis
756 2123 818 2187 per
836 2100 1033 2186 analogicae
1052 2099 1217 2185 rationes,
1238 2099 1276 2164 iu
1294 2107 1429 2165 contra-

284 2227 346 2292 riis
366 2226 506 2293 tandem
535 2249 598 2314 per
627 2227 787 2314 opposita
814 2226 945 2314 pariter
973 2226 1164 2294 industrius
1193 2225 1350 2293 habeare.
1374 2225 1428 2290 Ex

284 2352 339 2417 his
358 2373 398 2417 aa
417 2351 647 2417 consideratio
668 2352 836 2436 exoritur,
862 2375 948 2438 quae
972 2352 1016 2417 ad
1034 2351 1316 2438 intelligentiam,
1341 2350 1428 2417 iudi-

219 2485 260 2548 15
285 2478 378 2544 cium
397 2485 432 2544 et
450 2479 613 2546 affectum
629 2480 858 2567 regulandum
878 2478 1041 2545 conferat.
1057 2479 1149 2545 lllud
1168 2486 1285 2545 tamen
1301 2479 1427 2566 impor-

285 2605 406 2670 tunius
425 2604 664 2692 spectandum,
685 2613 725 2670 ut
743 2606 892 2671 maxime
911 2627 1047 2685 caveas,
1066 2628 1109 2671 ne
1128 2605 1165 2671 in
1183 2603 1428 2692 phantasmata

285 2730 435 2797 nimium
452 2731 646 2816 incurrens,
666 2754 730 2797 nec
745 2731 841 2798 velut
859 2754 898 2796 ea
915 2730 1219 2818 comprehendens,
1235 2730 1294 2796 sed
1310 2729 1427 2818 potius

283 2868 462 2946 tamquam
479 2859 523 2925 ab
547 2858 670 2924 iisdem
693 2858 956 2946 comprehensus
976 2857 1277 2943 (quemadmodum
1300 2857 1338 2922 in
1357 2856 1427 2921 An-

283 2983 481 3071 tipheronte
505 2984 636 3051 factum
655 2985 785 3068 ferunt)
805 2985 842 3049 in
861 3007 978 3050 eorum
1001 3006 1158 3070 numero,
1184 2985 1245 3070 qui
1274 2989 1427 3071 aguntur
1452 2982 1560 3047 580

217 3113 262 3176 20
284 3110 401 3197 potius
414 3113 418 3202 l
431 3133 534 3196 quam
550 3117 666 3196 agant,
680 3117 715 3176 te
732 3110 931 3176 constituas.
947 3110 1047 3176 Tales
1063 3108 1225 3194 diximus,
1237 3109 1297 3196 qui
1311 3109 1426 3176 victus

283 3237 435 3322 ratione,
456 3235 658 3321 solitudine,
684 3236 835 3320 silentio,
864 3231 1000 3319 umbra}
1031 3235 1271 3323 perunctione,
1291 3234 1424 3321 flagris,

284 3363 411 3448 calore,
442 3362 573 3449 frigore
607 3363 663 3428 vel
697 3368 827 3449 tepore,
863 3361 990 3449 spiritu
1017 3361 1099 3426 hinc
1130 3369 1319 3446 contracto,
1345 3361 1426 3426 inde

285 3487 421 3571 abacto,
442 3510 533 3554 vana
552 3487 835 3576 phantasmatum
854 3486 1079 3552 meditatione
1098 3487 1302 3573 perturbata
1317 3486 1425 3574 phan-

287 3614 389 3699 tasia,
409 3613 641 3680 miserabilem
659 3613 844 3679 incurrunt
862 3612 1140 3679 insensationem.

219 3801 263 3866 25
553 3795 692 3862 Primae
710 3794 821 3882 partis
840 3793 949 3880 sigilli
967 3792 1160 3879 sigillorum

789 3960 925 4026 FINIS.

292 4222 542 4230 —————-———-—
551 4222 617 4228 ---—-
1032 4217 1422 4226 ——-—.—--.-.—-—

375 4337 390 4384 2
414 4350 560 4399 uunquam
581 4333 605 4384 G
668 4334 682 4381 7
707 4331 894 4399 pertiuiciose
913 4330 940 4381 P
1002 4334 1017 4380 9
1041 4330 1192 4381 intellectu
1220 4330 1244 4380 G
1308 4333 1338 4380 18
1364 4337 1426 4380 tan·

283 4432 368 4483 quam
384 4415 408 4467 0
457 4416 537 4466 18.19
553 4416 588 4479 cf.
599 4411 710 4464 Aristot.
722 4414 764 4464 De
776 4429 883 4463 memor.
894 4417 917 4461 el
932 4410 1024 4462 remia.
1038 4428 1059 4462 c.
1071 4413 1084 4460 1
1093 4428 1125 4475 p.
1135 4413 1200 4460 451⁰
1216 4414 1233 4460 9
1296 4413 1326 4461 19
1342 4426 1427 4474 agau-

281 4497 369 4549 turG
432 4496 465 4547 23
481 4495 678 4559 meditatione,
693 4494 862 4561 perturbata
874 4492 900 4543 P

415 4589 491 4630 Bauer
509 4589 562 4639 Opp.
577 4590 616 4628 lat.
631 4586 653 4625 11
659 4616 665 4637 ‚
681 4587 702 4626 2.
1237 4587 1263 4625 25
