<?xml version="1.0" encoding="UTF-8"?>
<!DOCTYPE html PUBLIC "-//W3C//DTD XHTML 1.0 Transitional//EN"
    "http://www.w3.org/TR/xhtml1/DTD/xhtml1-transitional.dtd">
<html xmlns="http://www.w3.org/1999/xhtml" xml:lang="en" lang="en">
 <head>
  <title>
</title>
<meta http-equiv="Content-Type" content="text/html;charset=utf-8" />
  <meta name='ocr-system' content='tesseract 3.04.00' />
  <meta name='ocr-capabilities' content='ocr_page ocr_carea ocr_par ocr_line ocrx_word'/>
</head>
<body>
  <div class='ocr_page' id='page_1' title='image "./jordanibruninol03brungoog_0145.png"; bbox 0 0 3414 5122; ppageno 0'>
   <div class='ocr_carea' id='block_1_1' title="bbox 306 381 1005 470">
    <p class='ocr_par' dir='ltr' id='par_1_1' title="bbox 306 381 1005 470">
     <span class='ocr_line' id='line_1_1' title="bbox 306 381 1005 470; baseline -0.004 -30"><span class='ocrx_word' id='word_1_1' title='bbox 306 381 364 440; x_wconf 81' lang='lat'>134</span> <span class='ocrx_word' id='word_1_2' title='bbox 528 466 531 470; x_wconf 21' lang='grc' dir='ltr'>Ι</span> <span class='ocrx_word' id='word_1_3' title='bbox 742 395 882 443; x_wconf 73' lang='lat' dir='ltr'>rounam</span> <span class='ocrx_word' id='word_1_4' title='bbox 903 393 1005 439; x_wconf 77' lang='lat' dir='ltr'>auum</span> 
     </span>
    </p>
   </div>
   <div class='ocr_carea' id='block_1_2' title="bbox 240 549 1579 2770">
    <p class='ocr_par' dir='ltr' id='par_1_2' title="bbox 259 549 1448 1642">
     <span class='ocr_line' id='line_1_2' title="bbox 303 549 1445 639; baseline -0.004 -21"><span class='ocrx_word' id='word_1_5' title='bbox 303 558 454 618; x_wconf 89' lang='lat' dir='ltr'>nonest.</span> <span class='ocrx_word' id='word_1_6' title='bbox 474 551 698 618; x_wconf 87' lang='lat' dir='ltr'>Phantasiam</span> <span class='ocrx_word' id='word_1_7' title='bbox 717 574 798 638; x_wconf 89' lang='lat' dir='ltr'>ergo</span> <span class='ocrx_word' id='word_1_8' title='bbox 817 552 1002 639; x_wconf 88' lang='lat' dir='ltr'>pictorem,</span> <span class='ocrx_word' id='word_1_9' title='bbox 1034 549 1260 637; x_wconf 74' lang='lat' dir='ltr'>cogitativam</span> <span class='ocrx_word' id='word_1_10' title='bbox 1289 557 1445 636; x_wconf 71' lang='lat' dir='ltr'>poetam,</span> 
     </span>
     <span class='ocr_line' id='line_1_3' title="bbox 304 673 1447 763; baseline -0.004 -22"><span class='ocrx_word' id='word_1_11' title='bbox 304 677 474 744; x_wconf 89' lang='lat' dir='ltr'>rationem</span> <span class='ocrx_word' id='word_1_12' title='bbox 492 675 735 763; x_wconf 89' lang='lat' dir='ltr'>philosophum</span> <span class='ocrx_word' id='word_1_13' title='bbox 753 677 904 763; x_wconf 89' lang='lat' dir='ltr'>primum</span> <span class='ocrx_word' id='word_1_14' title='bbox 927 675 1132 761; x_wconf 81' lang='lat' dir='ltr'>intelligitO,</span> <span class='ocrx_word' id='word_1_15' title='bbox 1153 675 1212 760; x_wconf 91' lang='lat' dir='ltr'>qui</span> <span class='ocrx_word' id='word_1_16' title='bbox 1236 674 1377 759; x_wconf 88' lang='lat' dir='ltr'>quidem</span> <span class='ocrx_word' id='word_1_17' title='bbox 1396 673 1447 737; x_wconf 89' lang='lat' dir='ltr'>ita</span> 
     </span>
     <span class='ocr_line' id='line_1_4' title="bbox 303 799 1447 888; baseline -0.003 -21"><span class='ocrx_word' id='word_1_18' title='bbox 303 801 509 868; x_wconf 77' lang='lat' dir='ltr'>ordinantur</span> <span class='ocrx_word' id='word_1_19' title='bbox 527 809 563 867; x_wconf 88' lang='lat' dir='ltr'>et</span> <span class='ocrx_word' id='word_1_20' title='bbox 581 803 804 888; x_wconf 83' lang='lat' dir='ltr'>copulantur,</span> <span class='ocrx_word' id='word_1_21' title='bbox 830 809 869 867; x_wconf 90' lang='lat' dir='ltr'>ut</span> <span class='ocrx_word' id='word_1_22' title='bbox 898 809 994 867; x_wconf 89' lang='lat' dir='ltr'>actus</span> <span class='ocrx_word' id='word_1_23' title='bbox 1025 800 1267 886; x_wconf 87' lang='lat' dir='ltr'>consequentis</span> <span class='ocrx_word' id='word_1_24' title='bbox 1296 799 1339 865; x_wconf 90' lang='lat' dir='ltr'>ab</span> <span class='ocrx_word' id='word_1_25' title='bbox 1366 805 1447 863; x_wconf 87' lang='lat' dir='ltr'>actu</span> 
     </span>
     <span class='ocr_line' id='line_1_5' title="bbox 303 924 1445 1015; baseline -0.004 -21"><span class='ocrx_word' id='word_1_26' title='bbox 303 927 538 1015; x_wconf 88' lang='lat' dir='ltr'>praecedentis</span> <span class='ocrx_word' id='word_1_27' title='bbox 558 948 628 993; x_wconf 90' lang='lat' dir='ltr'>non</span> <span class='ocrx_word' id='word_1_28' title='bbox 646 927 856 993; x_wconf 78' lang='lat' dir='ltr'>absolvatur.</span> <span class='ocrx_word' id='word_1_29' title='bbox 876 926 1054 1004; x_wconf 78' lang='lat' dir='ltr'>Quomodo</span> <span class='ocrx_word' id='word_1_30' title='bbox 1081 926 1166 991; x_wconf 88' lang='lat' dir='ltr'>haec</span> <span class='ocrx_word' id='word_1_31' title='bbox 1197 924 1445 1011; x_wconf 89' lang='lat' dir='ltr'>contemplatio</span> 
     </span>
     <span class='ocr_line' id='line_1_6' title="bbox 259 1049 1447 1139; baseline -0.003 -22"><span class='ocrx_word' id='word_1_32' title='bbox 259 1065 279 1126; x_wconf 74' lang='lat'>5</span> <span class='ocrx_word' id='word_1_33' title='bbox 303 1052 346 1118; x_wconf 91' lang='lat' dir='ltr'>ad</span> <span class='ocrx_word' id='word_1_34' title='bbox 359 1051 617 1139; x_wconf 89' lang='lat' dir='ltr'>inquirendum,</span> <span class='ocrx_word' id='word_1_35' title='bbox 630 1050 892 1135; x_wconf 88' lang='lat' dir='ltr'>inveniendum,</span> <span class='ocrx_word' id='word_1_36' title='bbox 907 1050 1159 1139; x_wconf 89' lang='lat' dir='ltr'>disponendum</span> <span class='ocrx_word' id='word_1_37' title='bbox 1174 1057 1209 1116; x_wconf 88' lang='lat' dir='ltr'>et</span> <span class='ocrx_word' id='word_1_38' title='bbox 1221 1049 1447 1116; x_wconf 90' lang='lat' dir='ltr'>iudicandum</span> 
     </span>
     <span class='ocr_line' id='line_1_7' title="bbox 302 1177 1447 1265; baseline -0.003 -20"><span class='ocrx_word' id='word_1_39' title='bbox 302 1178 424 1263; x_wconf 87' lang='lat' dir='ltr'>faciat,</span> <span class='ocrx_word' id='word_1_40' title='bbox 445 1178 518 1265; x_wconf 91' lang='lat' dir='ltr'>ipse</span> <span class='ocrx_word' id='word_1_41' title='bbox 536 1177 723 1245; x_wconf 88' lang='lat' dir='ltr'>considera.</span> <span class='ocrx_word' id='word_1_42' title='bbox 743 1180 789 1244; x_wconf 88' lang='lat' dir='ltr'>Et</span> <span class='ocrx_word' id='word_1_43' title='bbox 808 1200 871 1245; x_wconf 92' lang='lat' dir='ltr'>nos</span> <span class='ocrx_word' id='word_1_44' title='bbox 894 1184 973 1265; x_wconf 88' lang='lat' dir='ltr'>post</span> <span class='ocrx_word' id='word_1_45' title='bbox 997 1180 1202 1264; x_wconf 88' lang='lat' dir='ltr'>completam</span> <span class='ocrx_word' id='word_1_46' title='bbox 1230 1183 1447 1264; x_wconf 79' lang='lat' dir='ltr'>praesentem</span> 
     </span>
     <span class='ocr_line' id='line_1_8' title="bbox 303 1299 1448 1390; baseline -0.003 -22"><span class='ocrx_word' id='word_1_47' title='bbox 303 1302 567 1390; x_wconf 83' lang='lat' dir='ltr'>explicationem</span> <span class='ocrx_word' id='word_1_48' title='bbox 587 1301 680 1368; x_wconf 89' lang='lat' dir='ltr'>hunc</span> <span class='ocrx_word' id='word_1_49' title='bbox 698 1302 852 1390; x_wconf 89' lang='lat' dir='ltr'>sigillum</span> <span class='ocrx_word' id='word_1_50' title='bbox 872 1304 909 1367; x_wconf 91' lang='lat' dir='ltr'>in</span> <span class='ocrx_word' id='word_1_51' title='bbox 933 1302 986 1385; x_wconf 89' lang='lat' dir='ltr'>iis,</span> <span class='ocrx_word' id='word_1_52' title='bbox 1012 1325 1099 1388; x_wconf 89' lang='lat' dir='ltr'>quae</span> <span class='ocrx_word' id='word_1_53' title='bbox 1118 1301 1162 1367; x_wconf 89' lang='lat' dir='ltr'>ad</span> <span class='ocrx_word' id='word_1_54' title='bbox 1179 1301 1377 1367; x_wconf 88' lang='lat' dir='ltr'>hebraicam</span> <span class='ocrx_word' id='word_1_55' title='bbox 1396 1299 1448 1365; x_wconf 90' lang='lat' dir='ltr'>in·</span> 
     </span>
     <span class='ocr_line' id='line_1_9' title="bbox 303 1425 1447 1512; baseline -0.003 -18"><span class='ocrx_word' id='word_1_56' title='bbox 303 1428 519 1495; x_wconf 84' lang='lat' dir='ltr'>stitutionem</span> <span class='ocrx_word' id='word_1_57' title='bbox 540 1433 574 1493; x_wconf 90' lang='lat' dir='ltr'>et</span> <span class='ocrx_word' id='word_1_58' title='bbox 593 1426 737 1494; x_wconf 89' lang='lat' dir='ltr'>fortasse</span> <span class='ocrx_word' id='word_1_59' title='bbox 756 1427 926 1494; x_wconf 88' lang='lat' dir='ltr'>occultam</span> <span class='ocrx_word' id='word_1_60' title='bbox 951 1427 1139 1512; x_wconf 89' lang='lat' dir='ltr'>quandam,</span> <span class='ocrx_word' id='word_1_61' title='bbox 1172 1450 1260 1512; x_wconf 88' lang='lat' dir='ltr'>quae</span> <span class='ocrx_word' id='word_1_62' title='bbox 1288 1427 1325 1491; x_wconf 92' lang='lat' dir='ltr'>in</span> <span class='ocrx_word' id='word_1_63' title='bbox 1351 1425 1447 1491; x_wconf 90' lang='lat' dir='ltr'>illius</span> 
     </span>
     <span class='ocr_line' id='line_1_10' title="bbox 302 1552 1341 1642; baseline -0.005 -22"><span class='ocrx_word' id='word_1_64' title='bbox 302 1554 442 1642; x_wconf 88' lang='lat' dir='ltr'>linguae</span> <span class='ocrx_word' id='word_1_65' title='bbox 461 1553 625 1640; x_wconf 86' lang='lat' dir='ltr'>mysterio</span> <span class='ocrx_word' id='word_1_66' title='bbox 644 1552 743 1638; x_wconf 89' lang='lat' dir='ltr'>latet,</span> <span class='ocrx_word' id='word_1_67' title='bbox 764 1559 874 1619; x_wconf 85' lang='lat' dir='ltr'>artem</span> <span class='ocrx_word' id='word_1_68' title='bbox 893 1552 1041 1636; x_wconf 87' lang='lat' dir='ltr'>faciunt,</span> <span class='ocrx_word' id='word_1_69' title='bbox 1062 1552 1341 1640; x_wconf 87' lang='lat' dir='ltr'>practicabimus.</span> 
     </span>
    </p>

    <p class='ocr_par' dir='ltr' id='par_1_3' title="bbox 240 1675 1579 2268">
     <span class='ocr_line' id='line_1_11' title="bbox 240 1675 1446 1766; baseline -0.006 -16"><span class='ocrx_word' id='word_1_70' title='bbox 240 1687 280 1750; x_wconf 85' lang='lat'>10</span> <span class='ocrx_word' id='word_1_71' title='bbox 377 1678 465 1766; x_wconf 21' lang='lat' dir='ltr'>*lam</span> <span class='ocrx_word' id='word_1_72' title='bbox 486 1679 528 1745; x_wconf 86' lang='lat' dir='ltr'>ad</span> <span class='ocrx_word' id='word_1_73' title='bbox 545 1678 729 1746; x_wconf 87' lang='lat' dir='ltr'>memoriae</span> <span class='ocrx_word' id='word_1_74' title='bbox 748 1678 917 1745; x_wconf 88' lang='lat' dir='ltr'>naturalis</span> <span class='ocrx_word' id='word_1_75' title='bbox 936 1678 1131 1744; x_wconf 86' lang='lat' dir='ltr'>relevamen</span> <span class='ocrx_word' id='word_1_76' title='bbox 1151 1685 1185 1743; x_wconf 86' lang='lat' dir='ltr'>et</span> <span class='ocrx_word' id='word_1_77' title='bbox 1204 1677 1249 1743; x_wconf 88' lang='lat' dir='ltr'>ad</span> <span class='ocrx_word' id='word_1_78' title='bbox 1267 1675 1446 1743; x_wconf 86' lang='lat' dir='ltr'>cuiusdam</span> 
     </span>
     <span class='ocr_line' id='line_1_12' title="bbox 305 1801 1579 1890; baseline -0.004 -19"><span class='ocrx_word' id='word_1_79' title='bbox 305 1803 509 1871; x_wconf 89' lang='lat' dir='ltr'>artificiosae</span> <span class='ocrx_word' id='word_1_80' title='bbox 527 1803 798 1886; x_wconf 88' lang='lat' dir='ltr'>institutionem,</span> <span class='ocrx_word' id='word_1_81' title='bbox 820 1803 992 1890; x_wconf 86' lang='lat' dir='ltr'>duplicem</span> <span class='ocrx_word' id='word_1_82' title='bbox 1016 1803 1234 1890; x_wconf 86' lang='lat' dir='ltr'>agnoscimus</span> <span class='ocrx_word' id='word_1_83' title='bbox 1253 1801 1451 1889; x_wconf 70' lang='lat' dir='ltr'>picturam:</span> <span class='ocrx_word' id='word_1_84' title='bbox 1471 1805 1579 1869; x_wconf 82' lang='lat'>530</span> 
     </span>
     <span class='ocr_line' id='line_1_13' title="bbox 304 1925 1443 2016; baseline -0.004 -21"><span class='ocrx_word' id='word_1_85' title='bbox 304 1930 463 2013; x_wconf 90' lang='lat' dir='ltr'>alteram,</span> <span class='ocrx_word' id='word_1_86' title='bbox 492 1951 560 2014; x_wconf 90' lang='lat' dir='ltr'>qua</span> <span class='ocrx_word' id='word_1_87' title='bbox 588 1951 691 2015; x_wconf 91' lang='lat' dir='ltr'>super</span> <span class='ocrx_word' id='word_1_88' title='bbox 717 1929 839 1995; x_wconf 89' lang='lat' dir='ltr'>alienis</span> <span class='ocrx_word' id='word_1_89' title='bbox 867 1928 1156 2016; x_wconf 85' lang='lat' dir='ltr'>descriptionibus</span> <span class='ocrx_word' id='word_1_90' title='bbox 1184 1925 1443 1993; x_wconf 89' lang='lat' dir='ltr'>retinendorum</span> 
     </span>
     <span class='ocr_line' id='line_1_14' title="bbox 304 2055 1445 2143; baseline -0.001 -23"><span class='ocrx_word' id='word_1_91' title='bbox 304 2055 473 2142; x_wconf 88' lang='lat' dir='ltr'>imagines</span> <span class='ocrx_word' id='word_1_92' title='bbox 491 2055 548 2121; x_wconf 89' lang='lat' dir='ltr'>vel</span> <span class='ocrx_word' id='word_1_93' title='bbox 564 2063 666 2123; x_wconf 88' lang='lat' dir='ltr'>notas</span> <span class='ocrx_word' id='word_1_94' title='bbox 685 2055 916 2140; x_wconf 85' lang='lat' dir='ltr'>efformamus,</span> <span class='ocrx_word' id='word_1_95' title='bbox 948 2057 1045 2122; x_wconf 89' lang='lat' dir='ltr'>ouius</span> <span class='ocrx_word' id='word_1_96' title='bbox 1075 2055 1341 2143; x_wconf 84' lang='lat' dir='ltr'>exemplificatio</span> <span class='ocrx_word' id='word_1_97' title='bbox 1372 2077 1445 2120; x_wconf 87' lang='lat' dir='ltr'>esse</span> 
     </span>
     <span class='ocr_line' id='line_1_15' title="bbox 303 2179 1443 2268; baseline 0 -22"><span class='ocrx_word' id='word_1_98' title='bbox 303 2188 418 2268; x_wconf 87' lang='lat' dir='ltr'>potest</span> <span class='ocrx_word' id='word_1_99' title='bbox 445 2181 567 2264; x_wconf 89' lang='lat' dir='ltr'>exiis,</span> <span class='ocrx_word' id='word_1_100' title='bbox 597 2182 745 2267; x_wconf 91' lang='lat' dir='ltr'>quaein</span> <span class='ocrx_word' id='word_1_101' title='bbox 774 2181 873 2247; x_wconf 85' lang='lat' dir='ltr'>Arte</span> <span class='ocrx_word' id='word_1_102' title='bbox 902 2181 1067 2248; x_wconf 90' lang='lat' dir='ltr'>Umbris</span> <span class='ocrx_word' id='word_1_103' title='bbox 1094 2180 1279 2246; x_wconf 89' lang='lat' dir='ltr'>idearum</span> <span class='ocrx_word' id='word_1_104' title='bbox 1308 2179 1443 2246; x_wconf 88' lang='lat' dir='ltr'>adnexa</span> 
     </span>
    </p>

    <p class='ocr_par' dir='ltr' id='par_1_4' title="bbox 242 2304 1447 2770">
     <span class='ocr_line' id='line_1_16' title="bbox 242 2304 1447 2394; baseline 0 -23"><span class='ocrx_word' id='word_1_105' title='bbox 242 2312 280 2372; x_wconf 72' lang='lat'>15</span> <span class='ocrx_word' id='word_1_106' title='bbox 304 2306 494 2389; x_wconf 87' lang='lat' dir='ltr'>docuimus;</span> <span class='ocrx_word' id='word_1_107' title='bbox 513 2307 668 2390; x_wconf 88' lang='lat' dir='ltr'>alteram,</span> <span class='ocrx_word' id='word_1_108' title='bbox 686 2330 754 2393; x_wconf 90' lang='lat' dir='ltr'>qua</span> <span class='ocrx_word' id='word_1_109' title='bbox 769 2329 832 2373; x_wconf 91' lang='lat' dir='ltr'>nos</span> <span class='ocrx_word' id='word_1_110' title='bbox 850 2306 918 2394; x_wconf 90' lang='lat' dir='ltr'>ipsi</span> <span class='ocrx_word' id='word_1_111' title='bbox 933 2327 996 2394; x_wconf 89' lang='lat' dir='ltr'>pro</span> <span class='ocrx_word' id='word_1_112' title='bbox 1014 2306 1144 2392; x_wconf 89' lang='lat' dir='ltr'>negotii</span> <span class='ocrx_word' id='word_1_113' title='bbox 1163 2305 1340 2392; x_wconf 81' lang='lat' dir='ltr'>exigentia</span> <span class='ocrx_word' id='word_1_114' title='bbox 1360 2304 1447 2371; x_wconf 88' lang='lat' dir='ltr'>talia</span> 
     </span>
     <span class='ocr_line' id='line_1_17' title="bbox 303 2430 1443 2520; baseline -0.004 -22"><span class='ocrx_word' id='word_1_115' title='bbox 303 2432 474 2516; x_wconf 87' lang='lat' dir='ltr'>aedificia,</span> <span class='ocrx_word' id='word_1_116' title='bbox 492 2432 695 2520; x_wconf 88' lang='lat' dir='ltr'>hypostases</span> <span class='ocrx_word' id='word_1_117' title='bbox 719 2439 940 2518; x_wconf 89' lang='lat' dir='ltr'>monstraque</span> <span class='ocrx_word' id='word_1_118' title='bbox 960 2430 1189 2517; x_wconf 90' lang='lat' dir='ltr'>confingimus</span> <span class='ocrx_word' id='word_1_119' title='bbox 1213 2430 1392 2496; x_wconf 89' lang='lat' dir='ltr'>sensibilia</span> <span class='ocrx_word' id='word_1_120' title='bbox 1408 2435 1443 2496; x_wconf 91' lang='lat' dir='ltr'>et</span> 
     </span>
     <span class='ocr_line' id='line_1_18' title="bbox 302 2554 1446 2646; baseline -0.003 -22"><span class='ocrx_word' id='word_1_121' title='bbox 302 2558 585 2646; x_wconf 89' lang='lat' dir='ltr'>phantasiabilia‚</span> <span class='ocrx_word' id='word_1_122' title='bbox 606 2557 722 2644; x_wconf 90' lang='lat' dir='ltr'>qualia</span> <span class='ocrx_word' id='word_1_123' title='bbox 740 2579 855 2623; x_wconf 87' lang='lat' dir='ltr'>rerum</span> <span class='ocrx_word' id='word_1_124' title='bbox 874 2579 945 2622; x_wconf 91' lang='lat' dir='ltr'>non</span> <span class='ocrx_word' id='word_1_125' title='bbox 968 2556 1184 2623; x_wconf 88' lang='lat' dir='ltr'>sensibilium</span> <span class='ocrx_word' id='word_1_126' title='bbox 1207 2554 1446 2622; x_wconf 89' lang='lat' dir='ltr'>memorandas</span> 
     </span>
     <span class='ocr_line' id='line_1_19' title="bbox 303 2680 1447 2770; baseline -0.001 -23"><span class='ocrx_word' id='word_1_127' title='bbox 303 2682 441 2748; x_wconf 87' lang='lat' dir='ltr'>valeant</span> <span class='ocrx_word' id='word_1_128' title='bbox 457 2681 585 2748; x_wconf 83' lang='lat' dir='ltr'>referre</span> <span class='ocrx_word' id='word_1_129' title='bbox 597 2688 632 2747; x_wconf 90' lang='lat' dir='ltr'>et</span> <span class='ocrx_word' id='word_1_130' title='bbox 642 2688 863 2770; x_wconf 85' lang='lat' dir='ltr'>praesentare</span> <span class='ocrx_word' id='word_1_131' title='bbox 878 2682 1020 2768; x_wconf 88' lang='lat' dir='ltr'>species;</span> <span class='ocrx_word' id='word_1_132' title='bbox 1038 2681 1233 2749; x_wconf 87' lang='lat' dir='ltr'>sicutenim</span> <span class='ocrx_word' id='word_1_133' title='bbox 1245 2681 1334 2747; x_wconf 90' lang='lat' dir='ltr'>nihil</span> <span class='ocrx_word' id='word_1_134' title='bbox 1345 2680 1447 2747; x_wconf 91' lang='lat' dir='ltr'>intel·</span> 
     </span>
    </p>
   </div>
   <div class='ocr_carea' id='block_1_3' title="bbox 303 2795 1641 2895">
    <p class='ocr_par' dir='ltr' id='par_1_5' title="bbox 303 2795 1641 2895">
     <span class='ocr_line' id='line_1_20' title="bbox 303 2795 1641 2895; baseline -0.001 -23"><span class='ocrx_word' id='word_1_135' title='bbox 303 2807 444 2894; x_wconf 86' lang='lat' dir='ltr'>ligimus</span> <span class='ocrx_word' id='word_1_136' title='bbox 474 2807 548 2872; x_wconf 91' lang='lat' dir='ltr'>sine</span> <span class='ocrx_word' id='word_1_137' title='bbox 577 2807 832 2894; x_wconf 86' lang='lat' dir='ltr'>phantasmate,</span> <span class='ocrx_word' id='word_1_138' title='bbox 861 2806 911 2871; x_wconf 87' lang='lat' dir='ltr'>ita</span> <span class='ocrx_word' id='word_1_139' title='bbox 932 2805 936 2895; x_wconf 75' lang='grc' dir='ltr'>Ι</span> <span class='ocrx_word' id='word_1_140' title='bbox 956 2828 1026 2873; x_wconf 91' lang='lat' dir='ltr'>non</span> <span class='ocrx_word' id='word_1_141' title='bbox 1049 2814 1101 2872; x_wconf 89' lang='lat' dir='ltr'>est</span> <span class='ocrx_word' id='word_1_142' title='bbox 1125 2806 1218 2891; x_wconf 92' lang='lat' dir='ltr'>quod</span> <span class='ocrx_word' id='word_1_143' title='bbox 1241 2807 1316 2872; x_wconf 88' lang='lat' dir='ltr'>sine</span> <span class='ocrx_word' id='word_1_144' title='bbox 1343 2806 1450 2893; x_wconf 92' lang='lat' dir='ltr'>phan-</span> <span class='ocrx_word' id='word_1_145' title='bbox 1474 2823 1506 2871; x_wconf 84' lang='lat' dir='ltr'>a</span> <span class='ocrx_word' id='word_1_146' title='bbox 1525 2808 1580 2871; x_wconf 77' lang='lat' dir='ltr'>gv</span> <span class='ocrx_word' id='word_1_147' title='bbox 1638 2795 1641 2801; x_wconf 58' lang='grc'>’</span> 
     </span>
    </p>
   </div>
   <div class='ocr_carea' id='block_1_4' title="bbox 237 2930 1444 3144">
    <p class='ocr_par' dir='ltr' id='par_1_6' title="bbox 237 2930 1444 3144">
     <span class='ocr_line' id='line_1_21' title="bbox 237 2930 1444 3019; baseline -0.003 -18"><span class='ocrx_word' id='word_1_148' title='bbox 237 2940 281 3001; x_wconf 82' lang='grc'>20</span> <span class='ocrx_word' id='word_1_149' title='bbox 304 2939 450 2998; x_wconf 84' lang='lat' dir='ltr'>tasmate</span> <span class='ocrx_word' id='word_1_150' title='bbox 465 2931 689 2999; x_wconf 87' lang='lat' dir='ltr'>recordemur.</span> <span class='ocrx_word' id='word_1_151' title='bbox 714 2930 809 3008; x_wconf 78' lang='lat' dir='ltr'>Quae</span> <span class='ocrx_word' id='word_1_152' title='bbox 832 2931 941 3018; x_wconf 91' lang='lat' dir='ltr'>igitur</span> <span class='ocrx_word' id='word_1_153' title='bbox 959 2931 1115 3019; x_wconf 89' lang='lat' dir='ltr'>apprime</span> <span class='ocrx_word' id='word_1_154' title='bbox 1138 2936 1326 2997; x_wconf 88' lang='lat' dir='ltr'>memorata</span> <span class='ocrx_word' id='word_1_155' title='bbox 1348 2930 1444 2997; x_wconf 91' lang='lat' dir='ltr'>volu·</span> 
     </span>
     <span class='ocr_line' id='line_1_22' title="bbox 303 3054 1211 3144; baseline -0.002 -22"><span class='ocrx_word' id='word_1_156' title='bbox 303 3080 393 3139; x_wconf 90' lang='lat' dir='ltr'>mus,</span> <span class='ocrx_word' id='word_1_157' title='bbox 414 3056 532 3122; x_wconf 88' lang='lat' dir='ltr'>solerti</span> <span class='ocrx_word' id='word_1_158' title='bbox 551 3054 747 3124; x_wconf 90' lang='lat' dir='ltr'>conditione</span> <span class='ocrx_word' id='word_1_159' title='bbox 765 3055 988 3144; x_wconf 88' lang='lat' dir='ltr'>phantasiata</span> <span class='ocrx_word' id='word_1_160' title='bbox 1004 3062 1211 3123; x_wconf 88' lang='lat' dir='ltr'>statuamus.</span> 
     </span>
    </p>
   </div>
   <div class='ocr_carea' id='block_1_5' title="bbox 535 3325 1204 3379">
    <p class='ocr_par' dir='ltr' id='par_1_7' title="bbox 535 3325 1204 3379">
     <span class='ocr_line' id='line_1_23' title="bbox 535 3325 1204 3379; baseline 0.006 -15"><span class='ocrx_word' id='word_1_161' title='bbox 535 3325 643 3379; x_wconf 73' lang='lat' dir='ltr'>Phidiae,</span> <span class='ocrx_word' id='word_1_162' title='bbox 658 3328 696 3377; x_wconf 82' lang='lat' dir='ltr'>qul</span> <span class='ocrx_word' id='word_1_163' title='bbox 711 3327 894 3368; x_wconf 73' lang='lat' dir='ltr'>tertiusdecimus</span> <span class='ocrx_word' id='word_1_164' title='bbox 908 3332 942 3368; x_wconf 81' lang='lat' dir='ltr'>est</span> <span class='ocrx_word' id='word_1_165' title='bbox 955 3327 1055 3378; x_wconf 75' lang='lat' dir='ltr'>sigillus,</span> <span class='ocrx_word' id='word_1_166' title='bbox 1071 3328 1204 3378; x_wconf 78' lang='lat' dir='ltr'>explicatio.</span> 
     </span>
    </p>
   </div>
   <div class='ocr_carea' id='block_1_6' title="bbox 236 3552 1521 4272">
    <p class='ocr_par' dir='ltr' id='par_1_8' title="bbox 236 3552 1521 4272">
     <span class='ocr_line' id='line_1_24' title="bbox 392 3552 1442 3644; baseline 0.004 -25"><span class='ocrx_word' id='word_1_167' title='bbox 392 3555 508 3620; x_wconf 89' lang='lat' dir='ltr'>Habet</span> <span class='ocrx_word' id='word_1_168' title='bbox 535 3552 742 3641; x_wconf 87' lang='lat' dir='ltr'>peculiarem</span> <span class='ocrx_word' id='word_1_169' title='bbox 772 3554 928 3639; x_wconf 90' lang='lat' dir='ltr'>modum,</span> <span class='ocrx_word' id='word_1_170' title='bbox 961 3579 1030 3642; x_wconf 90' lang='lat' dir='ltr'>quo</span> <span class='ocrx_word' id='word_1_171' title='bbox 1059 3557 1213 3644; x_wconf 87' lang='lat' dir='ltr'>sculptor</span> <span class='ocrx_word' id='word_1_172' title='bbox 1247 3555 1291 3623; x_wconf 87' lang='lat' dir='ltr'>ad</span> <span class='ocrx_word' id='word_1_173' title='bbox 1321 3557 1442 3623; x_wconf 91' lang='lat' dir='ltr'>iuven·</span> 
     </span>
     <span class='ocr_line' id='line_1_25' title="bbox 303 3672 1446 3768; baseline 0.003 -23"><span class='ocrx_word' id='word_1_174' title='bbox 303 3680 433 3746; x_wconf 90' lang='lat' dir='ltr'>tionem</span> <span class='ocrx_word' id='word_1_175' title='bbox 452 3672 780 3767; x_wconf 85' lang='lat' dir='ltr'>dispositionemque</span> <span class='ocrx_word' id='word_1_176' title='bbox 799 3679 918 3766; x_wconf 83' lang='lat' dir='ltr'>faciat,</span> <span class='ocrx_word' id='word_1_177' title='bbox 935 3681 1041 3748; x_wconf 91' lang='lat' dir='ltr'>habet</span> <span class='ocrx_word' id='word_1_178' title='bbox 1059 3705 1124 3768; x_wconf 93' lang='lat' dir='ltr'>quo</span> <span class='ocrx_word' id='word_1_179' title='bbox 1141 3682 1185 3748; x_wconf 91' lang='lat' dir='ltr'>ad</span> <span class='ocrx_word' id='word_1_180' title='bbox 1200 3704 1315 3748; x_wconf 89' lang='lat' dir='ltr'>rerum</span> <span class='ocrx_word' id='word_1_181' title='bbox 1330 3683 1446 3749; x_wconf 85' lang='lat' dir='ltr'>inten-</span> 
     </span>
     <span class='ocr_line' id='line_1_26' title="bbox 236 3804 1442 3894; baseline 0.004 -24"><span class='ocrx_word' id='word_1_182' title='bbox 236 3814 280 3878; x_wconf 77' lang='lat'>25</span> <span class='ocrx_word' id='word_1_183' title='bbox 303 3805 507 3891; x_wconf 89' lang='lat' dir='ltr'>tionumque</span> <span class='ocrx_word' id='word_1_184' title='bbox 524 3804 725 3871; x_wconf 87' lang='lat' dir='ltr'>memoriam</span> <span class='ocrx_word' id='word_1_185' title='bbox 741 3805 994 3891; x_wconf 79' lang='lat' dir='ltr'>adaequandum</span> <span class='ocrx_word' id='word_1_186' title='bbox 1007 3806 1174 3889; x_wconf 84' lang='lat' dir='ltr'>conferat;</span> <span class='ocrx_word' id='word_1_187' title='bbox 1187 3830 1346 3894; x_wconf 87' lang='lat' dir='ltr'>expresse</span> <span class='ocrx_word' id='word_1_188' title='bbox 1360 3832 1442 3875; x_wconf 86' lang='lat' dir='ltr'>vero</span> 
     </span>
     <span class='ocr_line' id='line_1_27' title="bbox 304 3929 1445 4018; baseline 0.003 -21"><span class='ocrx_word' id='word_1_189' title='bbox 304 3930 347 3997; x_wconf 88' lang='lat' dir='ltr'>ad</span> <span class='ocrx_word' id='word_1_190' title='bbox 366 3929 556 3997; x_wconf 89' lang='lat' dir='ltr'>dictionum</span> <span class='ocrx_word' id='word_1_191' title='bbox 572 3931 865 3997; x_wconf 89' lang='lat' dir='ltr'>reminiscentiam</span> <span class='ocrx_word' id='word_1_192' title='bbox 882 3939 933 3997; x_wconf 91' lang='lat' dir='ltr'>tot</span> <span class='ocrx_word' id='word_1_193' title='bbox 948 3931 1146 3999; x_wconf 88' lang='lat' dir='ltr'>individuas</span> <span class='ocrx_word' id='word_1_194' title='bbox 1163 3932 1257 3999; x_wconf 88' lang='lat' dir='ltr'>sedes</span> <span class='ocrx_word' id='word_1_195' title='bbox 1274 3934 1445 4018; x_wconf 89' lang='lat' dir='ltr'>instituit,</span> 
     </span>
     <span class='ocr_line' id='line_1_28' title="bbox 304 4056 1275 4144; baseline -0.001 -21"><span class='ocrx_word' id='word_1_196' title='bbox 304 4063 389 4143; x_wconf 90' lang='lat' dir='ltr'>quot</span> <span class='ocrx_word' id='word_1_197' title='bbox 408 4056 581 4143; x_wconf 90' lang='lat' dir='ltr'>quispiam</span> <span class='ocrx_word' id='word_1_198' title='bbox 600 4057 697 4144; x_wconf 90' lang='lat' dir='ltr'>cupit</span> <span class='ocrx_word' id='word_1_199' title='bbox 718 4056 902 4123; x_wconf 87' lang='lat' dir='ltr'>verborum</span> <span class='ocrx_word' id='word_1_200' title='bbox 922 4056 1047 4123; x_wconf 88' lang='lat' dir='ltr'>habere</span> <span class='ocrx_word' id='word_1_201' title='bbox 1063 4061 1275 4125; x_wconf 88' lang='lat' dir='ltr'>memoriam.</span> 
     </span>
     <span class='ocr_line' id='line_1_29' title="bbox 394 4179 1521 4272; baseline 0.005 -26"><span class='ocrx_word' id='word_1_202' title='bbox 394 4181 539 4248; x_wconf 86' lang='lat' dir='ltr'>Sedibus</span> <span class='ocrx_word' id='word_1_203' title='bbox 573 4179 641 4247; x_wconf 88' lang='lat' dir='ltr'>illis</span> <span class='ocrx_word' id='word_1_204' title='bbox 675 4182 773 4248; x_wconf 88' lang='lat' dir='ltr'>iuxta</span> <span class='ocrx_word' id='word_1_205' title='bbox 807 4179 991 4268; x_wconf 79' lang='lat' dir='ltr'>Agricolae</span> <span class='ocrx_word' id='word_1_206' title='bbox 1015 4183 1229 4249; x_wconf 88' lang='lat' dir='ltr'>conditiones</span> <span class='ocrx_word' id='word_1_207' title='bbox 1261 4194 1445 4272; x_wconf 85' lang='lat' dir='ltr'>perpetuos</span> <span class='ocrx_word' id='word_1_208' title='bbox 1518 4195 1521 4198; x_wconf 82' lang='lat'>&#39;</span> 
     </span>
    </p>
   </div>
   <div class='ocr_carea' id='block_1_7' title="bbox 397 4445 1213 4513">
    <p class='ocr_par' dir='ltr' id='par_1_9' title="bbox 397 4445 1213 4513">
     <span class='ocr_line' id='line_1_30' title="bbox 397 4445 1213 4513; baseline -0.007 -13"><span class='ocrx_word' id='word_1_209' title='bbox 397 4447 414 4500; x_wconf 84' lang='grc'>9</span> <span class='ocrx_word' id='word_1_210' title='bbox 431 4446 560 4497; x_wconf 87' lang='lat' dir='ltr'>misterio</span> <span class='ocrx_word' id='word_1_211' title='bbox 573 4446 600 4495; x_wconf 89' lang='lat' dir='ltr'><em>P</em></span> <span class='ocrx_word' id='word_1_212' title='bbox 663 4446 694 4497; x_wconf 89' lang='lat'>16</span> <span class='ocrx_word' id='word_1_213' title='bbox 709 4450 860 4513; x_wconf 84' lang='lat' dir='ltr'>ypostases</span> <span class='ocrx_word' id='word_1_214' title='bbox 873 4445 899 4495; x_wconf 90' lang='lat' dir='ltr'><em>P</em></span> <span class='ocrx_word' id='word_1_215' title='bbox 962 4445 1213 4512; x_wconf 65' lang='lat' dir='ltr'>representare?</span> 
     </span>
    </p>
   </div>
   <div class='ocr_carea' id='block_1_8' title="bbox 0 0 1727 5122">
    <p class='ocr_par' dir='ltr' id='par_1_10' title="bbox 0 0 1727 5122">
     <span class='ocr_line' id='line_1_31' title="bbox 0 0 1727 5122; baseline 0 0"><span class='ocrx_word' id='word_1_216' title='bbox 0 0 1727 5122; x_wconf 95' lang='lat' dir='ltr'> </span> 
     </span>
    </p>
   </div>
  </div>
 </body>
</html>
