<?xml version="1.0" encoding="UTF-8"?>
<!DOCTYPE html PUBLIC "-//W3C//DTD XHTML 1.0 Transitional//EN"
    "http://www.w3.org/TR/xhtml1/DTD/xhtml1-transitional.dtd">
<html xmlns="http://www.w3.org/1999/xhtml" xml:lang="en" lang="en">
 <head>
  <title>
</title>
<meta http-equiv="Content-Type" content="text/html;charset=utf-8" />
  <meta name='ocr-system' content='tesseract 3.04.00' />
  <meta name='ocr-capabilities' content='ocr_page ocr_carea ocr_par ocr_line ocrx_word'/>
</head>
<body>
  <div class='ocr_page' id='page_1' title='image "./jordanibruninol03brungoog_0087.png"; bbox 0 0 3414 5122; ppageno 0'>
   <div class='ocr_carea' id='block_1_1' title="bbox 687 426 950 475">
    <p class='ocr_par' dir='ltr' id='par_1_1' title="bbox 687 426 950 475">
     <span class='ocr_line' id='line_1_1' title="bbox 687 426 950 475; baseline -0.008 -1"><span class='ocrx_word' id='word_1_1' title='bbox 687 428 828 475; x_wconf 71' lang='lat' dir='ltr'><strong>loevam</strong></span> <span class='ocrx_word' id='word_1_2' title='bbox 848 426 950 474; x_wconf 77' lang='lat' dir='ltr'><strong>ansr</strong></span> 
     </span>
    </p>
   </div>
   <div class='ocr_carea' id='block_1_2' title="bbox 621 870 1018 917">
    <p class='ocr_par' dir='ltr' id='par_1_2' title="bbox 621 870 1018 917">
     <span class='ocr_line' id='line_1_2' title="bbox 621 870 1018 917; baseline 0 -1"><span class='ocrx_word' id='word_1_3' title='bbox 621 871 666 916; x_wconf 80' lang='grc' dir='ltr'><strong>ΑΙ)</strong></span> <span class='ocrx_word' id='word_1_4' title='bbox 686 870 1018 917; x_wconf 72' lang='lat' dir='ltr'>EXOELLENTISSIHVM</span> 
     </span>
    </p>
   </div>
   <div class='ocr_carea' id='block_1_3' title="bbox 286 1048 1357 1141">
    <p class='ocr_par' dir='ltr' id='par_1_3' title="bbox 286 1048 1357 1141">
     <span class='ocr_line' id='line_1_3' title="bbox 286 1048 1357 1141; baseline 0.006 -6"><span class='ocrx_word' id='word_1_5' title='bbox 286 1048 560 1138; x_wconf 76' lang='lat' dir='ltr'><strong>oxoullusls</strong></span> <span class='ocrx_word' id='word_1_6' title='bbox 597 1051 868 1140; x_wconf 76' lang='lat' dir='ltr'><strong>Atlolhlll]</strong></span> <span class='ocrx_word' id='word_1_7' title='bbox 903 1054 1357 1141; x_wconf 76' lang='lat' dir='ltr'><strong>Paooluoulmulvu</strong></span> 
     </span>
    </p>
   </div>
   <div class='ocr_carea' id='block_1_4' title="bbox 471 1279 1169 1472">
    <p class='ocr_par' dir='ltr' id='par_1_4' title="bbox 471 1279 1169 1472">
     <span class='ocr_line' id='line_1_4' title="bbox 587 1279 1056 1335; baseline 0 -3"><span class='ocrx_word' id='word_1_8' title='bbox 587 1279 836 1335; x_wconf 77' lang='lat' dir='ltr'><strong>oLARISSIMOS</strong></span> <span class='ocrx_word' id='word_1_9' title='bbox 861 1281 1056 1335; x_wconf 79' lang='lat' dir='ltr'><strong>DOOTORES</strong></span> 
     </span>
     <span class='ocr_line' id='line_1_5' title="bbox 471 1409 1169 1472; baseline 0.007 -12"><span class='ocrx_word' id='word_1_10' title='bbox 471 1409 597 1472; x_wconf 72' lang='lat' dir='ltr'><strong>ATQVE</strong></span> <span class='ocrx_word' id='word_1_11' title='bbox 622 1410 913 1463; x_wconf 76' lang='lat' dir='ltr'><strong>CELEBERRIMOS</strong></span> <span class='ocrx_word' id='word_1_12' title='bbox 938 1410 1169 1465; x_wconf 77' lang='lat' dir='ltr'><strong>MAGISTROS.</strong></span> 
     </span>
    </p>
   </div>
   <div class='ocr_carea' id='block_1_5' title="bbox 184 2225 1473 3321">
    <p class='ocr_par' dir='ltr' id='par_1_5' title="bbox 204 2225 1473 2819">
     <span class='ocr_line' id='line_1_6' title="bbox 204 2225 1388 2318; baseline 0.003 -24"><span class='ocrx_word' id='word_1_13' title='bbox 204 2237 225 2300; x_wconf 76' lang='lat'><strong>5</strong></span> <span class='ocrx_word' id='word_1_14' title='bbox 337 2226 539 2294; x_wconf 88' lang='lat' dir='ltr'><strong>Philotheus</strong></span> <span class='ocrx_word' id='word_1_15' title='bbox 559 2225 726 2294; x_wconf 86' lang='lat' dir='ltr'><strong>Iordanus</strong></span> <span class='ocrx_word' id='word_1_16' title='bbox 745 2227 884 2295; x_wconf 92' lang='lat' dir='ltr'><strong>Brunus</strong></span> <span class='ocrx_word' id='word_1_17' title='bbox 908 2229 1062 2297; x_wconf 88' lang='lat' dir='ltr'><strong>Nolanus</strong></span> <span class='ocrx_word' id='word_1_18' title='bbox 1081 2228 1192 2318; x_wconf 86' lang='lat' dir='ltr'><strong>magis</strong></span> <span class='ocrx_word' id='word_1_19' title='bbox 1211 2229 1388 2298; x_wconf 75' lang='lat' dir='ltr'><strong>laboratae</strong></span> 
     </span>
     <span class='ocr_line' id='line_1_7' title="bbox 248 2353 1391 2444; baseline 0.001 -23"><span class='ocrx_word' id='word_1_20' title='bbox 248 2353 442 2441; x_wconf 76' lang='lat' dir='ltr'><strong>theologiae</strong></span> <span class='ocrx_word' id='word_1_21' title='bbox 465 2353 597 2438; x_wconf 88' lang='lat' dir='ltr'><strong>doctor,</strong></span> <span class='ocrx_word' id='word_1_22' title='bbox 620 2353 769 2440; x_wconf 91' lang='lat' dir='ltr'><strong>purioris</strong></span> <span class='ocrx_word' id='word_1_23' title='bbox 792 2360 827 2420; x_wconf 90' lang='lat' dir='ltr'><strong>et</strong></span> <span class='ocrx_word' id='word_1_24' title='bbox 850 2353 1018 2422; x_wconf 84' lang='lat' dir='ltr'><strong>innocuae</strong></span> <span class='ocrx_word' id='word_1_25' title='bbox 1043 2355 1234 2444; x_wconf 72' lang='lat' dir='ltr'><strong>sapientiae</strong></span> <span class='ocrx_word' id='word_1_26' title='bbox 1260 2355 1391 2444; x_wconf 85' lang='lat' dir='ltr'><strong>profes·</strong></span> 
     </span>
     <span class='ocr_line' id='line_1_8' title="bbox 248 2450 1388 2570; baseline 0 -22"><span class='ocrx_word' id='word_1_27' title='bbox 248 2503 317 2565; x_wconf 84' lang='lat' dir='ltr'><strong>sor,</strong></span> <span class='ocrx_word' id='word_1_28' title='bbox 337 2481 375 2546; x_wconf 89' lang='lat' dir='ltr'><strong>in</strong></span> <span class='ocrx_word' id='word_1_29' title='bbox 397 2479 591 2568; x_wconf 84' lang='lat' dir='ltr'><strong>praecipuis</strong></span> <span class='ocrx_word' id='word_1_30' title='bbox 610 2450 774 2567; x_wconf 28' lang='lat' dir='ltr'><strong>&#39;Europae</strong></span> <span class='ocrx_word' id='word_1_31' title='bbox 807 2480 992 2548; x_wconf 79' lang='lat' dir='ltr'><strong>academiis</strong></span> <span class='ocrx_word' id='word_1_32' title='bbox 1014 2489 1135 2566; x_wconf 90' lang='lat' dir='ltr'><strong>notus,</strong></span> <span class='ocrx_word' id='word_1_33' title='bbox 1155 2481 1322 2570; x_wconf 88' lang='lat' dir='ltr'><strong>probatus</strong></span> <span class='ocrx_word' id='word_1_34' title='bbox 1353 2490 1388 2548; x_wconf 90' lang='lat' dir='ltr'><strong>et</strong></span> 
     </span>
     <span class='ocr_line' id='line_1_9' title="bbox 247 2604 1473 2695; baseline 0.003 -25"><span class='ocrx_word' id='word_1_35' title='bbox 247 2605 434 2673; x_wconf 89' lang='lat' dir='ltr'><strong>honorifice</strong></span> <span class='ocrx_word' id='word_1_36' title='bbox 449 2611 612 2691; x_wconf 86' lang='lat' dir='ltr'><strong>exceptus</strong></span> <span class='ocrx_word' id='word_1_37' title='bbox 636 2604 874 2693; x_wconf 79' lang='lat' dir='ltr'><strong>philosophae,</strong></span> <span class='ocrx_word' id='word_1_38' title='bbox 890 2606 1017 2672; x_wconf 88' lang='lat' dir='ltr'><strong>nullibi</strong></span> <span class='ocrx_word' id='word_1_39' title='bbox 1035 2614 1278 2695; x_wconf 74' lang='lat' dir='ltr'><strong>praeterquam</strong></span> <span class='ocrx_word' id='word_1_40' title='bbox 1298 2608 1390 2695; x_wconf 90' lang='lat' dir='ltr'><strong>apud</strong></span> <span class='ocrx_word' id='word_1_41' title='bbox 1471 2684 1473 2688; x_wconf 23' lang='lat'>¹</span> 
     </span>
     <span class='ocr_line' id='line_1_10' title="bbox 250 2730 1389 2819; baseline 0.003 -22"><span class='ocrx_word' id='word_1_42' title='bbox 250 2731 414 2798; x_wconf 88' lang='lat' dir='ltr'><strong>barbaros</strong></span> <span class='ocrx_word' id='word_1_43' title='bbox 432 2739 467 2797; x_wconf 90' lang='lat' dir='ltr'><strong>et</strong></span> <span class='ocrx_word' id='word_1_44' title='bbox 485 2730 656 2817; x_wconf 84' lang='lat' dir='ltr'><strong>ignobiles</strong></span> <span class='ocrx_word' id='word_1_45' title='bbox 674 2730 891 2819; x_wconf 84' lang='lat' dir='ltr'><strong>peregrinus,</strong></span> <span class='ocrx_word' id='word_1_46' title='bbox 911 2730 1174 2799; x_wconf 74' lang='lat' dir='ltr'><strong>dormitantium</strong></span> <span class='ocrx_word' id='word_1_47' title='bbox 1194 2732 1389 2801; x_wconf 91' lang='lat' dir='ltr'><strong>animorum</strong></span> 
     </span>
    </p>

    <p class='ocr_par' dir='ltr' id='par_1_6' title="bbox 184 2856 1392 3321">
     <span class='ocr_line' id='line_1_11' title="bbox 184 2856 1387 2944; baseline 0 -19"><span class='ocrx_word' id='word_1_48' title='bbox 184 2862 227 2926; x_wconf 86' lang='lat'><strong>10</strong></span> <span class='ocrx_word' id='word_1_49' title='bbox 251 2856 447 2942; x_wconf 83' lang='lat' dir='ltr'><strong>excubitor,</strong></span> <span class='ocrx_word' id='word_1_50' title='bbox 480 2862 760 2943; x_wconf 88' lang='lat' dir='ltr'><strong>praesumtuosae</strong></span> <span class='ocrx_word' id='word_1_51' title='bbox 798 2862 833 2922; x_wconf 88' lang='lat' dir='ltr'><strong>et</strong></span> <span class='ocrx_word' id='word_1_52' title='bbox 873 2856 1124 2924; x_wconf 88' lang='lat' dir='ltr'><strong>recalcitrantis</strong></span> <span class='ocrx_word' id='word_1_53' title='bbox 1167 2858 1387 2944; x_wconf 86' lang='lat' dir='ltr'><strong>ignorantiae</strong></span> 
     </span>
     <span class='ocr_line' id='line_1_12' title="bbox 248 2980 1389 3072; baseline 0.004 -26"><span class='ocrx_word' id='word_1_54' title='bbox 248 2980 410 3066; x_wconf 89' lang='lat' dir='ltr'><strong>domitor,</strong></span> <span class='ocrx_word' id='word_1_55' title='bbox 425 2980 534 3068; x_wconf 90' lang='lat' dir='ltr'><strong>quiin</strong></span> <span class='ocrx_word' id='word_1_56' title='bbox 551 2981 684 3047; x_wconf 89' lang='lat' dir='ltr'><strong>actibus</strong></span> <span class='ocrx_word' id='word_1_57' title='bbox 700 2980 870 3048; x_wconf 88' lang='lat' dir='ltr'><strong>universis</strong></span> <span class='ocrx_word' id='word_1_58' title='bbox 885 2983 1081 3068; x_wconf 88' lang='lat' dir='ltr'><strong>generalem</strong></span> <span class='ocrx_word' id='word_1_59' title='bbox 1092 2983 1389 3072; x_wconf 90' lang='lat' dir='ltr'><strong>philanthropiam</strong></span> 
     </span>
     <span class='ocr_line' id='line_1_13' title="bbox 247 3105 1392 3195; baseline 0.005 -23"><span class='ocrx_word' id='word_1_60' title='bbox 247 3114 472 3193; x_wconf 89' lang='lat' dir='ltr'><strong>protestatur,</strong></span> <span class='ocrx_word' id='word_1_61' title='bbox 493 3105 552 3193; x_wconf 94' lang='lat' dir='ltr'><strong>qui</strong></span> <span class='ocrx_word' id='word_1_62' title='bbox 575 3128 646 3172; x_wconf 91' lang='lat' dir='ltr'><strong>non</strong></span> <span class='ocrx_word' id='word_1_63' title='bbox 668 3107 780 3194; x_wconf 88' lang='lat' dir='ltr'><strong>magis</strong></span> <span class='ocrx_word' id='word_1_64' title='bbox 802 3107 931 3173; x_wconf 90' lang='lat' dir='ltr'><strong>Italum</strong></span> <span class='ocrx_word' id='word_1_65' title='bbox 955 3129 1060 3193; x_wconf 90' lang='lat' dir='ltr'><strong>quam</strong></span> <span class='ocrx_word' id='word_1_66' title='bbox 1078 3108 1301 3195; x_wconf 85' lang='lat' dir='ltr'><strong>Britannum,</strong></span> <span class='ocrx_word' id='word_1_67' title='bbox 1321 3132 1392 3178; x_wconf 72' lang='lat' dir='ltr'><strong>ma</strong></span> 
     </span>
     <span class='ocr_line' id='line_1_14' title="bbox 248 3231 1388 3321; baseline 0.003 -24"><span class='ocrx_word' id='word_1_68' title='bbox 248 3253 320 3298; x_wconf 88' lang='lat' dir='ltr'><strong>rem</strong></span> <span class='ocrx_word' id='word_1_69' title='bbox 341 3254 444 3318; x_wconf 91' lang='lat' dir='ltr'><strong>quam</strong></span> <span class='ocrx_word' id='word_1_70' title='bbox 463 3231 641 3316; x_wconf 85' lang='lat' dir='ltr'><strong>feminam,</strong></span> <span class='ocrx_word' id='word_1_71' title='bbox 662 3231 841 3298; x_wconf 88' lang='lat' dir='ltr'><strong>mitratum</strong></span> <span class='ocrx_word' id='word_1_72' title='bbox 865 3254 980 3319; x_wconf 42' lang='lat' dir='ltr'><strong>quam,</strong></span> <span class='ocrx_word' id='word_1_73' title='bbox 993 3241 1208 3320; x_wconf 89' lang='lat' dir='ltr'><strong>coronatum,</strong></span> <span class='ocrx_word' id='word_1_74' title='bbox 1228 3240 1388 3321; x_wconf 88' lang='lat' dir='ltr'><strong>togatum</strong></span> 
     </span>
    </p>
   </div>
   <div class='ocr_carea' id='block_1_6' title="bbox 249 3356 1390 3447">
    <p class='ocr_par' dir='ltr' id='par_1_7' title="bbox 249 3356 1390 3447">
     <span class='ocr_line' id='line_1_15' title="bbox 249 3356 1390 3447; baseline 0.001 -22"><span class='ocrx_word' id='word_1_75' title='bbox 249 3381 352 3447; x_wconf 91' lang='lat' dir='ltr'><strong>quam</strong></span> <span class='ocrx_word' id='word_1_76' title='bbox 371 3364 554 3442; x_wconf 85' lang='lat' dir='ltr'><strong>armatum,</strong></span> <span class='ocrx_word' id='word_1_77' title='bbox 584 3356 793 3426; x_wconf 89' lang='lat' dir='ltr'><strong>cucullatum</strong></span> <span class='ocrx_word' id='word_1_78' title='bbox 810 3358 986 3427; x_wconf 89' lang='lat' dir='ltr'><strong>hominem</strong></span> <span class='ocrx_word' id='word_1_79' title='bbox 1016 3381 1120 3444; x_wconf 90' lang='lat' dir='ltr'><strong>quam</strong></span> <span class='ocrx_word' id='word_1_80' title='bbox 1149 3359 1224 3426; x_wconf 87' lang='lat' dir='ltr'><strong>sine</strong></span> <span class='ocrx_word' id='word_1_81' title='bbox 1252 3359 1390 3426; x_wconf 87' lang='lat' dir='ltr'><strong>cuculla</strong></span> 
     </span>
    </p>
   </div>
   <div class='ocr_carea' id='block_1_7' title="bbox 165 3483 1516 4201">
    <p class='ocr_par' dir='ltr' id='par_1_8' title="bbox 184 3483 1516 4077">
     <span class='ocr_line' id='line_1_16' title="bbox 184 3483 1516 3579; baseline 0.003 -29"><span class='ocrx_word' id='word_1_82' title='bbox 184 3496 226 3562; x_wconf 78' lang='lat'><strong>15</strong></span> <span class='ocrx_word' id='word_1_83' title='bbox 249 3484 375 3567; x_wconf 89' lang='lat' dir='ltr'><strong>virum,</strong></span> <span class='ocrx_word' id='word_1_84' title='bbox 390 3483 449 3550; x_wconf 85' lang='lat' dir='ltr'><strong>sed</strong></span> <span class='ocrx_word' id='word_1_85' title='bbox 464 3484 562 3552; x_wconf 90' lang='lat' dir='ltr'><strong>illum</strong></span> <span class='ocrx_word' id='word_1_86' title='bbox 577 3485 673 3552; x_wconf 86' lang='lat' dir='ltr'><strong>cuius</strong></span> <span class='ocrx_word' id='word_1_87' title='bbox 688 3485 857 3574; x_wconf 86' lang='lat' dir='ltr'><strong>pacatior,</strong></span> <span class='ocrx_word' id='word_1_88' title='bbox 879 3486 886 3579; x_wconf 85' lang='grc' dir='ltr'>Ι</span> <span class='ocrx_word' id='word_1_89' title='bbox 905 3485 1054 3571; x_wconf 89' lang='lat' dir='ltr'><strong>civilior,</strong></span> <span class='ocrx_word' id='word_1_90' title='bbox 1067 3485 1202 3552; x_wconf 90' lang='lat' dir='ltr'><strong>fidelior</strong></span> <span class='ocrx_word' id='word_1_91' title='bbox 1217 3492 1252 3552; x_wconf 90' lang='lat' dir='ltr'><strong>et</strong></span> <span class='ocrx_word' id='word_1_92' title='bbox 1269 3485 1388 3552; x_wconf 90' lang='lat' dir='ltr'><strong>utilior</strong></span> <span class='ocrx_word' id='word_1_93' title='bbox 1411 3507 1443 3557; x_wconf 79' lang='lat' dir='ltr'><strong>a</strong></span> <span class='ocrx_word' id='word_1_94' title='bbox 1462 3490 1516 3554; x_wconf 54' lang='grc' dir='ltr'><strong>ὃν</strong></span> 
     </span>
     <span class='ocr_line' id='line_1_17' title="bbox 249 3600 1391 3700; baseline 0 -24"><span class='ocrx_word' id='word_1_95' title='bbox 249 3616 300 3677; x_wconf 88' lang='lat' dir='ltr'><strong>est</strong></span> <span class='ocrx_word' id='word_1_96' title='bbox 327 3609 541 3676; x_wconf 88' lang='lat' dir='ltr'><strong>conversatio</strong></span> <span class='ocrx_word' id='word_1_97' title='bbox 571 3609 701 3698; x_wconf 89' lang='lat' dir='ltr'><strong>diligit,</strong></span> <span class='ocrx_word' id='word_1_98' title='bbox 731 3610 793 3699; x_wconf 82' lang='lat' dir='ltr'><strong>qui</strong></span> <span class='ocrx_word' id='word_1_99' title='bbox 820 3633 891 3678; x_wconf 94' lang='lat' dir='ltr'><strong>non</strong></span> <span class='ocrx_word' id='word_1_100' title='bbox 918 3611 962 3678; x_wconf 88' lang='lat' dir='ltr'><strong>ad</strong></span> <span class='ocrx_word' id='word_1_101' title='bbox 984 3618 1191 3700; x_wconf 91' lang='lat' dir='ltr'><strong>perunctum</strong></span> <span class='ocrx_word' id='word_1_102' title='bbox 1210 3600 1326 3699; x_wconf 81' lang='lat' dir='ltr'><strong>caput,</strong></span> <span class='ocrx_word' id='word_1_103' title='bbox 1348 3610 1391 3677; x_wconf 87' lang='lat' dir='ltr'><strong>si·</strong></span> 
     </span>
     <span class='ocr_line' id='line_1_18' title="bbox 248 3734 1391 3827; baseline -0.002 -24"><span class='ocrx_word' id='word_1_104' title='bbox 248 3742 394 3823; x_wconf 89' lang='lat' dir='ltr'><strong>gnatum</strong></span> <span class='ocrx_word' id='word_1_105' title='bbox 421 3734 586 3821; x_wconf 84' lang='lat' dir='ltr'><strong>frontem,</strong></span> <span class='ocrx_word' id='word_1_106' title='bbox 613 3737 749 3803; x_wconf 86' lang='lat' dir='ltr'><strong>ablutas</strong></span> <span class='ocrx_word' id='word_1_107' title='bbox 777 3759 900 3827; x_wconf 84' lang='lat' dir='ltr'><strong>manus</strong></span> <span class='ocrx_word' id='word_1_108' title='bbox 930 3744 965 3804; x_wconf 92' lang='lat' dir='ltr'><strong>et</strong></span> <span class='ocrx_word' id='word_1_109' title='bbox 994 3737 1233 3806; x_wconf 89' lang='lat' dir='ltr'><strong>circumcisum</strong></span> <span class='ocrx_word' id='word_1_110' title='bbox 1252 3758 1391 3825; x_wconf 89' lang='lat' dir='ltr'><strong>penem,</strong></span> 
     </span>
     <span class='ocr_line' id='line_1_19' title="bbox 250 3860 1389 3946; baseline -0.001 -19"><span class='ocrx_word' id='word_1_111' title='bbox 250 3863 309 3928; x_wconf 86' lang='lat' dir='ltr'><strong>sed</strong></span> <span class='ocrx_word' id='word_1_112' title='bbox 337 3860 410 3946; x_wconf 91' lang='lat' dir='ltr'><strong>(ubi</strong></span> <span class='ocrx_word' id='word_1_113' title='bbox 437 3861 511 3927; x_wconf 87' lang='lat' dir='ltr'><strong>veri</strong></span> <span class='ocrx_word' id='word_1_114' title='bbox 538 3860 688 3928; x_wconf 88' lang='lat' dir='ltr'><strong>hominis</strong></span> <span class='ocrx_word' id='word_1_115' title='bbox 718 3860 842 3928; x_wconf 84' lang='lat' dir='ltr'><strong>faciem</strong></span> <span class='ocrx_word' id='word_1_116' title='bbox 870 3863 952 3929; x_wconf 90' lang='lat' dir='ltr'><strong>licet</strong></span> <span class='ocrx_word' id='word_1_117' title='bbox 985 3863 1126 3946; x_wconf 91' lang='lat' dir='ltr'><strong>intueri)</strong></span> <span class='ocrx_word' id='word_1_118' title='bbox 1157 3862 1202 3928; x_wconf 91' lang='lat' dir='ltr'><strong>ad</strong></span> <span class='ocrx_word' id='word_1_119' title='bbox 1234 3861 1389 3928; x_wconf 88' lang='lat' dir='ltr'><strong>animum</strong></span> 
     </span>
     <span class='ocr_line' id='line_1_20' title="bbox 248 3985 1389 4077; baseline 0 -24"><span class='ocrx_word' id='word_1_120' title='bbox 248 3987 448 4075; x_wconf 87' lang='lat' dir='ltr'><strong>ingeniique</strong></span> <span class='ocrx_word' id='word_1_121' title='bbox 468 3987 639 4054; x_wconf 89' lang='lat' dir='ltr'><strong>culturam</strong></span> <span class='ocrx_word' id='word_1_122' title='bbox 662 3986 811 4054; x_wconf 89' lang='lat' dir='ltr'><strong>maxime</strong></span> <span class='ocrx_word' id='word_1_123' title='bbox 830 3988 983 4077; x_wconf 88' lang='lat' dir='ltr'><strong>respicit,</strong></span> <span class='ocrx_word' id='word_1_124' title='bbox 999 4011 1100 4074; x_wconf 92' lang='lat' dir='ltr'><strong>quem</strong></span> <span class='ocrx_word' id='word_1_125' title='bbox 1119 3985 1292 4055; x_wconf 88' lang='lat' dir='ltr'><strong>stultitiae</strong></span> <span class='ocrx_word' id='word_1_126' title='bbox 1310 4009 1389 4074; x_wconf 90' lang='lat' dir='ltr'><strong>pro·</strong></span> 
     </span>
    </p>

    <p class='ocr_par' dir='ltr' id='par_1_9' title="bbox 165 4104 1390 4201">
     <span class='ocr_line' id='line_1_21' title="bbox 165 4104 1390 4201; baseline -0.004 -18"><span class='ocrx_word' id='word_1_127' title='bbox 165 4104 226 4183; x_wconf 79' lang='lat'><strong>&#39;20</strong></span> <span class='ocrx_word' id='word_1_128' title='bbox 248 4119 430 4200; x_wconf 85' lang='lat' dir='ltr'><strong>pagatores</strong></span> <span class='ocrx_word' id='word_1_129' title='bbox 442 4119 478 4179; x_wconf 90' lang='lat' dir='ltr'><strong>et</strong></span> <span class='ocrx_word' id='word_1_130' title='bbox 488 4112 783 4201; x_wconf 89' lang='lat' dir='ltr'><strong>hypocritumouli</strong></span> <span class='ocrx_word' id='word_1_131' title='bbox 795 4113 1021 4199; x_wconf 89' lang='lat' dir='ltr'><strong>detestantur,</strong></span> <span class='ocrx_word' id='word_1_132' title='bbox 1035 4136 1137 4200; x_wconf 88' lang='lat' dir='ltr'><strong>quem</strong></span> <span class='ocrx_word' id='word_1_133' title='bbox 1149 4114 1251 4201; x_wconf 92' lang='lat' dir='ltr'><strong>probi</strong></span> <span class='ocrx_word' id='word_1_134' title='bbox 1267 4119 1302 4179; x_wconf 89' lang='lat' dir='ltr'><strong>et</strong></span> <span class='ocrx_word' id='word_1_135' title='bbox 1320 4118 1390 4179; x_wconf 88' lang='lat' dir='ltr'><strong>stu·</strong></span> 
     </span>
    </p>
   </div>
   <div class='ocr_carea' id='block_1_8' title="bbox 247 4337 1392 4570">
    <p class='ocr_par' dir='ltr' id='par_1_10' title="bbox 247 4337 1392 4570">
     <span class='ocr_line' id='line_1_22' title="bbox 339 4337 1392 4407; baseline -0.002 -17"><span class='ocrx_word' id='word_1_136' title='bbox 339 4341 355 4389; x_wconf 83' lang='lat'><strong>2</strong></span> <span class='ocrx_word' id='word_1_137' title='bbox 372 4339 552 4390; x_wconf 81' lang='lat' dir='ltr'><strong>achademiae</strong></span> <span class='ocrx_word' id='word_1_138' title='bbox 615 4339 631 4388; x_wconf 80' lang='grc' dir='ltr'><em>ὃ</em></span> <span class='ocrx_word' id='word_1_139' title='bbox 647 4340 811 4392; x_wconf 85' lang='lat' dir='ltr'><strong>elaboratae</strong></span> <span class='ocrx_word' id='word_1_140' title='bbox 828 4355 952 4407; x_wconf 76' lang='lat' dir='ltr'><strong>cerreppc</strong></span> <span class='ocrx_word' id='word_1_141' title='bbox 967 4358 985 4391; x_wconf 82' lang='lat' dir='ltr'><strong>a</strong></span> <span class='ocrx_word' id='word_1_142' title='bbox 1003 4357 1095 4406; x_wconf 79' lang='lat' dir='ltr'><strong>penna</strong></span> <span class='ocrx_word' id='word_1_143' title='bbox 1114 4358 1169 4392; x_wconf 75' lang='lat' dir='ltr'><strong>eron</strong></span> <span class='ocrx_word' id='word_1_144' title='bbox 1189 4340 1331 4407; x_wconf 64' lang='lat' dir='ltr'><strong>cappiano</strong></span> <span class='ocrx_word' id='word_1_145' title='bbox 1348 4337 1392 4390; x_wconf 78' lang='lat' dir='ltr'><strong>obi</strong></span> 
     </span>
     <span class='ocr_line' id='line_1_23' title="bbox 247 4418 1392 4486; baseline 0.002 -16"><span class='ocrx_word' id='word_1_146' title='bbox 247 4419 310 4470; x_wconf 79' lang='lat' dir='ltr'><strong>aelt’</strong></span> <span class='ocrx_word' id='word_1_147' title='bbox 320 4420 464 4486; x_wconf 68' lang='lat' dir='ltr'><strong>atemptare</strong></span> <span class='ocrx_word' id='word_1_148' title='bbox 477 4418 616 4480; x_wconf 70' lang='lat' dir='ltr'><strong>reiterare,</strong></span> <span class='ocrx_word' id='word_1_149' title='bbox 632 4419 676 4471; x_wconf 83' lang='lat' dir='ltr'><strong>obe</strong></span> <span class='ocrx_word' id='word_1_150' title='bbox 690 4419 877 4485; x_wconf 76' lang='lat' dir='ltr'><strong>adopericmo,</strong></span> <span class='ocrx_word' id='word_1_151' title='bbox 889 4437 902 4471; x_wconf 89' lang='lat' dir='ltr'><strong>c</strong></span> <span class='ocrx_word' id='word_1_152' title='bbox 916 4421 960 4471; x_wconf 86' lang='lat' dir='ltr'><strong>nel</strong></span> <span class='ocrx_word' id='word_1_153' title='bbox 972 4419 1216 4474; x_wconf 75' lang='lat' dir='ltr'><strong>Gaiccr&#39;ardr&#39;niano</strong></span> <span class='ocrx_word' id='word_1_154' title='bbox 1279 4421 1295 4472; x_wconf 77' lang='lat'><strong>7</strong></span> <span class='ocrx_word' id='word_1_155' title='bbox 1308 4420 1392 4472; x_wconf 82' lang='lat' dir='ltr'><strong>acha·</strong></span> 
     </span>
     <span class='ocr_line' id='line_1_24' title="bbox 248 4501 1006 4570; baseline 0.004 -18"><span class='ocrx_word' id='word_1_156' title='bbox 248 4501 350 4568; x_wconf 80' lang='lat' dir='ltr'><strong>demiJ&#39;s</strong></span> <span class='ocrx_word' id='word_1_157' title='bbox 415 4501 445 4552; x_wconf 92' lang='grc'><strong>10</strong></span> <span class='ocrx_word' id='word_1_158' title='bbox 460 4503 671 4564; x_wconf 78' lang='lat' dir='ltr'><strong>Praesr&#39;rltuosee</strong></span> <span class='ocrx_word' id='word_1_159' title='bbox 735 4504 764 4553; x_wconf 91' lang='lat' dir='ltr'><strong>ll</strong></span> <span class='ocrx_word' id='word_1_160' title='bbox 782 4501 1006 4570; x_wconf 85' lang='lat' dir='ltr'><strong>philantropiam</strong></span> 
     </span>
    </p>
   </div>
   <div class='ocr_carea' id='block_1_9' title="bbox 0 0 1720 5122">
    <p class='ocr_par' dir='ltr' id='par_1_11' title="bbox 0 0 1720 5122">
     <span class='ocr_line' id='line_1_25' title="bbox 0 0 1720 5122; baseline 0 0"><span class='ocrx_word' id='word_1_161' title='bbox 0 0 1720 5122; x_wconf 95' lang='lat' dir='ltr'><strong> </strong></span> 
     </span>
    </p>
   </div>
  </div>
 </body>
</html>
