3414 5122
512 410 671 454 naaman
695 411 729 455 nr
750 402 894 454 caurio.
916 409 1138 456 constituros.
1340 393 1396 451 231

256 587 367 649 neque
396 563 635 646 (barbarorum
655 563 800 629 immitis
824 562 1028 651 disciplinae
1057 562 1237 628 hominum
1256 559 1400 648 perfido·

255 712 400 774 rumque
413 689 497 755 iuris
511 690 670 776 gentium
686 697 942 772 temeratorum,
960 712 1145 774 eorumque
1158 711 1260 772 more,
1274 686 1400 772 quibus

256 814 343 879 illud
362 815 495 880 coelum
519 814 675 880 clausurn
694 814 796 880 debet
818 837 889 880 esse
918 822 1022 900 atque
1038 822 1143 898 terra,
1164 836 1266 899 quam
1295 812 1401 879 homi·

257 939 359 1004 nibus
378 938 512 1004 cunctis
531 939 586 1003 vel
612 961 828 1004 communem
859 939 915 1004 vel
934 939 1096 1004 socialem
1123 960 1143 1002 a
1161 945 1287 1003 natura
1315 935 1402 1001 ordi·

211 1074 232 1135 ὃ
256 1072 376 1130 natam
401 1064 456 1129 vel
481 1064 657 1150 denegant
687 1065 741 1129 vel
770 1064 905 1130 nefasta
935 1063 1137 1149 exitialique
1160 1062 1295 1127 ratione
1324 1082 1402 1125 con·

258 1188 398 1272 cedunt)
440 1189 477 1254 in
519 1196 654 1255 vestrae
690 1187 883 1274 relligionis
920 1190 1082 1275 dogmate
1118 1187 1303 1275 probatum
1345 1186 1400 1250 vel

257 1315 528 1402 interrogatum,
548 1315 608 1381 sed
627 1321 765 1379 tantum
785 1315 876 1399 quod
895 1337 964 1379 non
983 1314 1115 1397 hostili,
1133 1312 1192 1378 sed
1208 1310 1402 1397 tranquillo

256 1441 479 1526 generalique
498 1440 761 1528 philanthropia
780 1439 975 1526 praeditum
995 1439 1170 1527 spiritum,
1189 1435 1401 1524 philosophi·

257 1588 383 1651 eaeque
399 1564 623 1653 professionis
636 1563 776 1629 titulum
795 1570 876 1648 (quo
893 1572 1069 1649 tamquam
1086 1562 1229 1651 minime
1241 1559 1403 1626 schisma·

196 1693 235 1755 10
258 1693 328 1757 tioo
347 1698 382 1756 et
401 1689 606 1774 divortios0,
632 1689 844 1774 minimeque
863 1688 1088 1775 temporibus,
1108 1687 1194 1753 locis
1218 1683 1402 1752 occasioni·

258 1816 390 1901 busque
409 1815 577 1896 subiect0,
598 1815 748 1880 maxime
770 1813 922 1900 gaudere
949 1812 1161 1900 gloriarique
1182 1815 1186 1895 l
1207 1811 1300 1893 volo)
1318 1831 1401 1897 prae
1428 1815 1535 1877 625

258 1964 312 2007 me
328 1941 394 2008 tuli
413 1949 448 2006 et
467 1940 615 2021 ostendi,
637 1938 748 2005 solum
767 1939 859 2024 quod
877 1939 915 2004 in
935 1940 1111 2003 Musarum
1130 1937 1226 2002 curia
1242 1936 1402 2002 alumnus

258 2091 379 2150 essem,
412 2067 510 2133 vobis
530 2065 615 2131 satis
643 2088 715 2129 esse
738 2065 867 2151 potuit,
885 2075 924 2129 ut
948 2063 1094 2149 dignum
1115 2064 1119 2150 l
1140 2060 1399 2155 existimaretis,
1426 2080 1456 2128 a
1475 2067 1526 2127 4r

260 2191 320 2276 qui
338 2191 547 2278 gratissimis
565 2189 658 2255 ulnis
691 2213 711 2255 a
730 2188 827 2254 vobis
846 2188 1078 2275 exciperetur,
1102 2187 1139 2251 in
1158 2186 1276 2251 album
1299 2184 1401 2250 refer·

199 2322 235 2383 15
259 2323 354 2382 retur
374 2315 582 2396 academiae,
599 2323 633 2379 et
649 2314 685 2378 in
701 2314 784 2379 adeo
800 2312 1093 2379 nobilissimorum
1113 2311 1402 2377 doctissimorum·

260 2465 326 2529 que
342 2461 485 2505 numero
502 2447 773 2526 computaretur,
786 2446 826 2504 ut
843 2460 913 2504 non
928 2438 1038 2504 veluti
1049 2438 1223 2524 privatam
1240 2436 1401 2518 scholam,

260 2589 331 2633 non
363 2573 624 2653 praeservatum
660 2564 833 2649 quoddam
867 2563 1160 2643 conventiculum,
1198 2564 1257 2628 sed
1296 2560 1402 2646 (quod

261 2690 485 2758 Germanicas
502 2690 657 2755 Athenas
672 2689 781 2771 decet)
796 2713 878 2755 vere
895 2689 1156 2755 universitatem
1171 2709 1401 2773 agnoscerem.

259 2817 325 2883 His
349 2816 452 2899 adde,
477 2816 569 2902 quod
594 2838 672 2880 oum
701 2824 776 2902 (pro
800 2837 892 2880 more
919 2814 1051 2900 ingenii
1079 2814 1160 2897 mei)
1183 2812 1288 2878 nimis
1311 2811 1402 2876 forte

193 2950 238 3012 20
261 2966 379 3009 amore
401 2964 555 3008 mearum
582 2941 785 3029 opinionum
813 2951 947 3029 raptus,
976 2941 1060 3006 talia
1090 2939 1128 3004 in
1157 2938 1307 3026 publicis
1331 2937 1401 3002 illis

259 3069 467 3134 lectionibus
487 3089 736 3155 expromerem,
756 3067 872 3151 qualia
890 3088 961 3132 non
977 3066 1075 3132 vobis
1091 3065 1274 3152 probatam
1291 3062 1401 3144 moda

259 3194 318 3260 sed
338 3202 372 3258 et
391 3193 550 3281 pluribus
571 3192 694 3258 seculis
714 3200 748 3256 et
768 3192 867 3277 quasi
886 3193 1015 3278 ubique
1037 3199 1208 3256 terrarum
1228 3196 1402 3276 receptam

261 3322 495 3386 convellerent
527 3319 796 3407 philosophiam,
833 3342 894 3384 vos
928 3320 988 3403 qui
1021 3318 1258 3406 philosophari
1291 3339 1403 3401 neque

260 3447 425 3513 ultimum
449 3469 561 3532 neque
578 3445 734 3532 apprime
754 3445 904 3510 medium
923 3445 1026 3509 finem
1047 3442 1232 3527 statuistis,
1251 3463 1403 3527 quosque

195 3581 237 3642 25
262 3573 297 3638 in
317 3570 552 3637 huiuscemodi
582 3572 696 3636 studio
716 3569 936 3634 sobrietatem
957 3569 1190 3656 praeferentes
1215 3567 1402 3652 quandam,

261 3696 456 3786 peregrinis
491 3695 726 3780 inauditisque
761 3695 837 3782 oapi
869 3717 940 3760 non
972 3693 1070 3759 iuvat
1103 3692 1309 3779 disciplinis,
1344 3691 1404 3756 sed

264 3826 349 3891 illud
391 3833 527 3891 tantum
568 3822 727 3910 physices
761 3822 1020 3906 matheseosque
1053 3843 1162 3906 genus
1197 3819 1402 3906 acceptatiS,

263 3953 451 4040 quodcum
485 3949 653 4015 catholica
672 3949 846 4034 theologia
873 3947 1052 4013 consuevit
1072 3970 1144 4012 esse
1168 3945 1402 4029 coniunctum,

264 4079 425 4168 quodque
457 4078 501 4144 ad
520 4085 650 4142 certum
669 4075 811 4163 pietatis
829 4097 938 4160 genus
970 4073 1221 4139 conducibilius
1242 4075 1246 4157 1
1266 4071 1404 4137 videtur
1428 4089 1459 4137 a
1478 4078 1532 4138 4v

1138 4277 1400 4284 ———-———-

356 4386 404 4436 5.ss
421 4387 635 4438 concaeduntP
697 4383 917 4449 6religi0nisG
980 4382 1247 4450 8philantropiaP
1309 4385 1404 4435 Stan-

263 4482 348 4533 quam
364 4467 389 4517 0
