3414 5122
571 428 615 479 nn
637 433 792 477 arumna
814 433 1072 478 couaruuroare.
1333 416 1390 475 301

251 587 411 674 tionalia,
432 595 552 676 utpote
572 611 659 674 quae
678 589 812 655 adrem
836 588 1100 676 significandam
1123 588 1279 676 proxime
1308 586 1394 653 refe·

251 720 389 798 rantur,
410 719 448 779 ut
467 713 596 799 anima,
614 736 751 802 corpua,
770 714 885 797 homo,
906 720 940 779 et
957 713 1073 780 omnia
1090 736 1177 799 quae
1196 735 1257 800 per
1276 712 1393 778 decem

250 838 503 925 categoriarum
522 838 797 905 coordinationes
817 839 1051 927 explicantur;
1076 837 1321 904 intentionalia
1346 861 1394 903 se-

251 962 376 1048 cunde,
393 970 513 1051 utpote
528 986 614 1049 quae
631 963 864 1030 mediantibus
879 964 1002 1050 primis
1019 963 1274 1029 intentionibus
1290 963 1393 1027 rebus

206 1091 227 1155 5
251 1088 336 1175 ipsis
354 1088 524 1171 iniuncta,
545 1112 606 1177 per
623 1090 725 1155 hasce
744 1097 874 1172 tamen,
892 1090 931 1154 in
959 1089 1085 1172 quibus
1113 1087 1243 1154 ¹habere
1272 1086 1395 1152 funda·

251 1218 368 1279 menta
383 1214 622 1301 perhibentur,
639 1213 798 1301 apposita
812 1235 883 1279 non
899 1213 987 1280 citra
1003 1213 1173 1279 rationem
1190 1212 1394 1278 habeantur.

253 1337 378 1405 Omnia
397 1340 539 1425 inquam
563 1339 646 1406 haec
665 1347 743 1427 post
763 1338 909 1406 subiecti
929 1339 1207 1420 evacuationem,
1227 1338 1282 1404 vel
1301 1344 1395 1421 ante,

252 1463 307 1529 vel
329 1464 445 1547 simul,
469 1466 525 1530 vel
549 1472 735 1549 utcumque
758 1470 833 1552 (pro
856 1463 906 1529 rei
931 1463 1133 1530 tractandae
1158 1469 1295 1545 natura)
1321 1485 1397 1528 cen·

252 1597 306 1655 tro
330 1589 450 1655 circuli
468 1588 672 1670 succedant;
693 1598 732 1655 ut
752 1589 1040 1676 quemadmodum
1064 1588 1256 1655 subiectum
1279 1589 1394 1674 ipsum

190 1723 229 1785 10
251 1739 313 1803 per
335 1715 508 1803 principia
532 1723 636 1800 atque
660 1716 797 1800 regulas
823 1721 874 1779 est
898 1713 1097 1796 deductum,
1118 1713 1255 1798 singula
1275 1712 1394 1795 etiam,

252 1865 338 1928 quae
368 1841 405 1905 in
428 1840 530 1907 huius
548 1847 645 1906 rotae
665 1838 944 1906 circumferentia
974 1847 1056 1904 sunt
1086 1837 1271 1925 descripta,
1293 1836 1395 1902 dedu-

252 1977 383 2034 cantur.
406 1971 411 2051 Ι
431 1965 531 2033 Unde
546 1972 657 2031 rotam
671 1964 868 2031 huiusmodi
884 1970 994 2031 totam
1010 1970 1189 2049 tamquam
1208 1963 1394 2028 dictionem
1421 1960 1527 2025 682

252 2116 355 2159 unam
373 2091 547 2179 concipias
565 2089 719 2173 tandem,
741 2089 885 2176 quaein
905 2096 1023 2155 centro
1043 2089 1164 2155 circuli
1183 2088 1396 2176 praedicato·

252 2241 329 2283 rum
348 2217 582 2283 absolutorum
602 2222 636 2281 et
652 2216 924 2303 respectivorum
940 2214 1125 2301 triangulis
1140 2215 1319 2280 habeatur.
1338 2213 1396 2279 Sic

189 2356 229 2418 15
252 2343 313 2410 ubi
343 2343 516 2408 hominem
547 2365 608 2429 per
638 2340 776 2428 regulas
806 2350 909 2426 atque
937 2340 1112 2428 principia
1135 2339 1420 2422 deduxerimuS,¹

253 2468 460 2534 deducamus
480 2468 552 2533 eius
571 2466 737 2549 animam,
759 2466 831 2532 eius
856 2466 1085 2551 intellectum,
1116 2467 1189 2531 eius
1220 2464 1398 2530 rationali·

252 2601 371 2676 tatem,
393 2599 521 2680 partes,
542 2591 786 2673 instrumenta,
807 2613 939 2674 causas,
960 2590 1116 2673 effectuS,
1149 2598 1184 2655 et
1207 2589 1284 2655 alia.
1317 2589 1396 2655 Non

254 2719 368 2784 minus
383 2718 475 2784 enim
492 2740 553 2805 per
568 2717 691 2782 horum
707 2716 858 2801 singula,
876 2740 980 2803 quarn
996 2740 1058 2803 per
1072 2717 1187 2805 ipsum
1203 2715 1397 2782 subiectum

254 2851 286 2928 (a
304 2843 481 2933 proposito
501 2842 647 2908 subiecti
666 2864 844 2928 nunquam
868 2842 1070 2924 recedendo)
1100 2842 1290 2907 discurrere
1320 2863 1397 2927 poe-

187 2979 232 3042 20
254 2993 379 3037 sumne.
409 2968 575 3055 Figuram
606 2967 731 3053 igitur,
751 2990 771 3032 a
791 2991 858 3053 qua
888 2967 1035 3054 quilibet
1066 2968 1108 3032 ed
1132 2967 1271 3032 libitum
1292 2967 1297 3056 t
1318 2966 1396 3032 sub·
1421 2965 1511 3027 151·

254 3094 403 3177 trahere,
424 3101 458 3159 et
478 3093 532 3159 cui
552 3093 596 3159 ad
614 3092 755 3158 libitum
778 3091 902 3158 addere
926 3092 1072 3179 poterit,
1092 3093 1185 3158 hunc
1203 3093 1241 3157 in
1258 3091 1399 3157 modum

255 3218 532 3285 constituendam
549 3218 745 3304 obiicimuS,
763 3219 823 3284 ubi
838 3218 1019 3285 Ssubiecti
1039 3217 1297 3304 multiplicandi
1316 3224 1399 3282 nota

255 3352 319 3427 est,
340 3367 485 3430 eaquae
504 3344 633 3410 circum
652 3345 742 3410 circa
762 3343 987 3431 geminabilia
1017 3350 1051 3408 et
1082 3343 1279 3428 (dummodo
1311 3342 1397 3409 certi

254 3471 390 3537 numeri
420 3471 509 3536 ratio
537 3471 726 3556 modusque
750 3469 890 3535 tandem
920 3473 1087 3551 servetur)
1116 3466 1398 3555 multiplicabilia

189 3609 232 3674 25
256 3604 337 3663 sunt
364 3597 535 3680 ordinata,
567 3618 684 3662 eorum
715 3596 869 3660 omnium
896 3617 983 3681 quae
1006 3594 1151 3660 subiecti
1178 3592 1306 3659 vicaria
1326 3615 1398 3658 esse

255 3721 402 3788 valeant.

263 3930 373 3939 ...-

350 4056 590 4118 Beategoriarnm
612 4055 649 4108 0:
668 4056 899 4120 cathegoriarum
917 4055 943 4106 P
1005 4058 1184 4122 Sntcunque
1204 4057 1227 4108 G
1291 4060 1322 4110 12
1339 4065 1400 4110 tan·

259 4152 344 4203 quem
365 4138 417 4188 Aa
479 4139 510 4186 ¹25
526 4137 659 4188 ordinata
676 4153 773 4187 eorum
792 4138 934 4199 omnium,
953 4151 1025 4202 quae
1048 4138 1071 4187 G
1136 4139 1168 4187 26
1184 4138 1230 4200 qai
1250 4140 1351 4189 colloca
1370 4142 1399 4190 la

251 4218 348 4282 figura
360 4216 398 4267 P:
408 4218 477 4280 <lopo
491 4217 671 4269 deducantur
681 4222 717 4281 (v.
732 4219 770 4267 11.
783 4219 824 4281 12)
835 4218 863 4266 la
874 4233 997 4281 ponyono
1007 4218 1135 4268 AA²·³(}:
1149 4219 1221 4267 uella
1228 4219 1322 4283 figura
1335 4219 1398 4270 dio

258 4313 322 4348 cono
335 4298 486 4362 oonzpletare
499 4299 522 4346 Ie
529 4297 628 4362 parole
641 4297 828 4363 Principium,
841 4296 978 4360 Effectus,
989 4298 1180 4360 Antecedene,
1190 4299 1337 4349 Comitem
1351 4305 1397 4351 616.
