3414 5122
324 400 380 454 130}
757 408 899 453 ionum
919 408 1021 452 unm

320 567 470 630 tionem:
490 564 777 650 quemadmedum
794 586 873 628 eum
888 564 926 627 ir.
939 561 1091 627 humano
1103 562 1283 649 supposito
1294 562 1463 626 avaritiae

321 691 536 756 ssffl‘llilsll'fi
559 708 664 776 avane
695 690 925 777 proprietates
947 687 1097 773 figurare
1123 686 1234 752 volui.
1253 686 1298 751 ad
1328 709 1463 771 sexum,

319 834 483 881 aetatem.
502 816 660 903 capillos,
680 814 847 880 frontem.
867 814 997 881 [eules.
1020 830 1190 899 tempora.
1210 835 1324 879 ames.
1348 835 1462 881 nares.

319 966 372 1008 os.
404 944 574 1028 linguam.
604 942 736 1015 oeulos
763 962 901 1005 nasum.
931 958 1100 1004 mentum.
1134 939 1296 1021 colorem,
1325 958 1462 1026 pectus.

274 1080 296 1140 3
320 1069 465 1133 viscera.
485 1068 606 1149 tibias,
624 1066 743 1154 pedes,
762 1066 888 1153 eapitis
906 1064 1162 1147 indumentum,
1182 1065 1262 1130 colli
1281 1087 1463 1130 ornamen-

319 1212 408 1277 tum,
436 1212 608 1280 torquem,
631 1194 775 1281 pallam.
804 1210 951 1278 utraque
975 1214 1081 1256 manu
1103 1191 1374 1279 apprehensum.
1405 1191 1464 1257 do·

320 1343 427 1402 mum,
447 1320 568 1385 domus
586 1336 717 1407 partes,
737 1318 866 1401 cubile,
877 1318 1019 1382 lectum.
1033 1317 1147 1382 victus
1163 1317 1349 1399 rationem,
1362 1316 1464 1381 affee-

319 1460 390 1511 tus.
416 1460 566 1533 patrem,
601 1462 762 1528 matrem,
796 1466 940 1527 sorores,
974 1444 1077 1509 filias.
1111 1443 1236 1524 socios,
1268 1443 1460 1526 ministros,

318 1571 464 1636 amieos.
500 1568 754 1656 aegritudines,
788 1590 948 1635 mortem.
983 1569 1192 1656 sepulcrum,
1227 1567 1462 1655 epitaphium,

258 1703 297 1765 10
319 1696 515 1782 famamque
534 1695 680 1782 respexi.
703 1694 903 1779 Eademque
926 1694 1056 1758 omnia.
1073 1693 1297 1778 omniumque
1317 1694 1462 1759 eircum-

317 1823 467 1888 stantiae
479 1819 584 1908 atqne
596 1844 708 1903 casus,
720 1844 783 1908 per
797 1821 976 1910 supposita
988 1819 1117 1885 Vexilli
1138 1822 1143 1833 '
1162 1828 1268 1905 atque
1280 1821 1461 1905 Peregrini
1483 1820 1514 1880 b
1534 1820 1579 1881 1'

318 1949 562 2035 multiplicata,
588 1949 826 2013 inventionem
850 1962 1008 2031 causant,
1036 1947 1204 2013 iudicium
1228 1966 1400 2013 exacuunt
1425 1964 1461 2013 et·

317 2075 494 2139 adrerum
514 2074 601 2139 bene
620 2073 865 2160 dispositarum
886 2074 1086 2138 memoriam
1104 2072 1299 2138 conferunt.

406 2201 462 2265 Ibi
481 2201 513 2264 A
532 2200 705 2264 tributum
724 2200 833 2285 exigit
853 2223 873 2264 a
896 2214 1047 2280 mortuo,
1066 2199 1097 2263 B
1116 2221 1264 2284 aequum
1287 2199 1407 2264 laudat
1426 2208 1461 2265 et

255 2328 294 2388 17>
318 2327 465 2392 nimium
485 2326 632 2410 tinuerit,
653 2324 680 2388 C
701 2348 721 2389 a
740 2324 867 2389 statuis
886 2325 1012 2410 exigit,
1032 2327 1063 2389 D
1084 2324 1182 2390 fabas
1205 2324 1352 2409 arrodit,
1372 2325 1402 2389 E
1421 2325 1460 2391 in

317 2474 400 2539 pera
431 2451 663 2535 franciscana,
683 2451 712 2515 F
736 2450 912 2515 Tartesiae
930 2449 1009 2515 felis
1027 2451 1263 2532 simulacrum,
1284 2447 1317 2511 G
1336 2473 1356 2515 a
1375 2472 1461 2515 reru

317 2587 351 2642 et
371 2601 389 2642 a
411 2576 587 2661 sartagine
605 2576 713 2661 rapit,
726 2575 761 2639 H
777 2576 888 2639 bonus
905 2594 1025 2661 pastor
1043 2598 1147 2662 pecus
1165 2575 1304 2660 tondet,
1323 2575 1341 2640 Ι
1360 2583 1460 2642 vorat

318 2701 471 2784 hamum,
491 2702 526 2765 Κ
545 2701 655 2766 veluti
673 2701 823 2788 polypus
842 2702 1057 2766 attractitus.
1077 2701 1281 2789 (laetarique
1298 2700 1460 2766 similiter

317 2850 379 2914 per
414 2827 568 2892 ordinem
603 2825 755 2890 Tabulae
792 2825 848 2889 vel
875 2824 1026 2891 Catenae
1059 2827 1116 2891 tel
1149 2825 1376 2891 Elementarii
1403 2823 1460 2889 tel

251 2958 296 3020 ‘20
320 2952 572 3019 Combinatorii
592 2951 647 3016 vel
667 2949 896 3033 sensibilium,
915 2951 1324 3017 semimathematieorum
1339 2950 1460 3015 verba·

319 3080 472 3163 liumque
490 3077 643 3141 locorum
662 3075 894 3159 sue-cedentem
914 3076 1072 3143 ordinate
1092 3076 1159 3142 tibi
1177 3076 1389 3162 perquisitae
1407 3075 1458 3140 rei

317 3203 469 3268 membra
488 3200 648 3265 referent.

405 3329 473 3393 Hic
491 3328 586 3393 locus
605 3335 657 3394 cst
676 3328 869 3395 adducendi
887 3330 1052 3418 principii
1072 3331 1157 3397 artis
1181 3330 1401 3417 figurativae,
1421 3331 1459 3395 in
1485 3342 1592 3405 532

318 3477 385 3541 qua
420 3455 506 3520 illud
539 3455 864 3542 praeaccipiendnm
892 3465 957 3540 est,
992 3457 1083 3543 quod
1107 3459 1224 3524 omnia
1256 3480 1318 3546 per
1343 3459 1459 3524 omnia

251 3596 294 3657 ⁶25
317 3590 461 3670 possunt
478 3583 634 3669 figurari3
656 3583 821 3669 cogitatio
845 3584 936 3648 enim
956 3585 1127 3650 naturalis
1150 3587 1262 3653 virtus
1283 3596 1347 3669 est,
1369 3607 1456 3670 quae

317 3708 438 3773 matris
456 3715 601 3773 naturae
628 3707 776 3793 vestigia
807 3707 907 3773 facile
936 3709 1176 3794 consequitur,
1207 3711 1236 3775 si
1255 3711 1460 3798 diligentiae

317 3834 459 3899 auribus
489 3854 608 3899 vocem
628 3833 701 3898 eius
730 3833 888 3899 intimius
914 3834 1141 3900 adclamant-is
1161 3836 1354 3919 exhauriat;
1376 3846 1459 3902 tunc

317 3960 411 4024 onim
441 3958 627 4047 phantasia
657 3960 771 4024 omnia
800 3960 838 4024 in
857 3961 1016 4027 omnibus
1035 3961 1165 4046 fingere
1193 3970 1229 4027 et
1251 3961 1458 4047 imaginatio

409 4232 425 4282 6
441 4229 545 4297 pallam
557 4236 680 4297 utraque
695 4244 778 4280 manu
792 4232 998 4297 apprehensam
1012 4233 1121 4284 emenda
1137 4233 1161 4284 G
1207 4235 1223 4283 9
1236 4235 1419 4299 sepulchrum
1434 4235 1459 4284 P

318 4311 681 4363 10.llcircumatantiaal'
744 4313 774 4362 17
787 4312 922 4362 tonditG
986 4313 1181 4379 18polipuaP
1244 4316 1276 4365 19
1289 4315 1460 4366 cathonaaP

316 4394 348 4442 20
366 4391 545 4441 sensibilium
567 4391 907 4442 sentimathamaticorum
931 4393 955 4444 G
1016 4397 1048 4444 25
1069 4395 1158 4457 anim,
1183 4395 1325 4446 naturalis
1346 4396 1385 4459 P,
1405 4413 1459 4445 uoti

316 4487 367 4536 per
381 4471 453 4521 altro
466 4472 511 4521 che
519 4486 571 4535 per
584 4488 716 4536 separare
730 4472 871 4523 naturalis
880 4473 918 4522 da
932 4473 1070 4538 cogitatio
1134 4475 1165 4525 27
1182 4475 1199 4527 l.
1215 4474 1351 4526 exaudiat
