3414 5122
567 423 612 467 DE
632 423 788 469 nunnoni:
809 425 1067 473 comemmorans.

731 684 761 722 11.
777 683 911 724 Membrum.

335 898 391 964 Ibi
420 921 522 985 super
550 900 715 985 angulum
745 901 775 964 Ε
806 900 1018 988 principium
1049 911 1101 968 est
1130 903 1254 968 titulus
1275 926 1391 986 causa,

219 1070 226 1077 -
246 1025 437 1108 quantitas,
454 1031 604 1112 tempus,
618 1024 661 1090 ad
678 1024 913 1091 denotandum
929 1027 1021 1111 quod
1036 1027 1224 1093 secundum
1240 1030 1392 1115 amplam

246 1156 489 1234 extentamque
513 1150 816 1236 significationem,
833 1172 901 1235 qua
919 1159 954 1216 et
973 1174 1153 1218 causarum
1170 1175 1298 1237 genere
1311 1176 1392 1238 que·

201 1277 222 1339 5
245 1280 324 1338 tuor
343 1274 598 1360 complectitur,
618 1276 787 1340 terminus
806 1277 863 1341 ille
888 1276 1075 1362 accipitur:
1094 1285 1128 1341 et
1147 1277 1311 1343 videlicet
1329 1300 1392 1364 pro

244 1421 348 1464 causa
378 1399 563 1484 efficiente,
595 1423 614 1465 a
646 1424 715 1486 qua
742 1402 796 1467 vel
828 1402 1000 1487 dirigente
1035 1403 1089 1467 vel
1118 1403 1301 1468 ordinante
1336 1404 1391 1468 vel

245 1522 510 1590 administrante
531 1525 570 1590 fit
590 1527 734 1611 aliquid3
759 1533 793 1591 et
816 1550 879 1613 pro
898 1527 1050 1610 formali,
1068 1528 1256 1593 secundum
1277 1551 1391 1613 quam,

246 1653 289 1718 ad
309 1652 406 1717 cuius
426 1646 699 1736 similitudinem,
712 1654 971 1737 imitaltionem,
989 1653 1145 1738 formam,
1163 1656 1302 1721 modum
1320 1657 1393 1721 sive
1420 1660 1527 1722 659

245 1778 379 1845 essendi
398 1779 470 1845 sive
487 1779 732 1867 praesentandi
751 1779 804 1861 fit;
827 1786 861 1843 et
884 1802 946 1866 pro
976 1782 1160 1865 materiali,
1182 1807 1224 1848 ex
1247 1806 1328 1868 qua,
1349 1784 1390 1848 de

182 1911 223 1973 10
246 1928 314 1992 qua
345 1913 379 1970 et
409 1906 447 1970 in
476 1928 542 1990 qua
574 1904 706 1988 aliquid
738 1904 908 1971 conflatur
937 1905 994 1970 vel
1024 1909 1242 1994 componitur
1269 1907 1326 1973 vel
1357 1908 1393 1973 in

245 2032 340 2100 aliud
365 2038 636 2112 transmutatum
658 2040 692 2094 et
717 2053 780 2116 pro
799 2031 913 2115 finali,
933 2041 1196 2120 propterquam
1215 2035 1255 2099 fit
1286 2042 1321 2099 et
1349 2035 1393 2100 ad

248 2180 352 2242 quam
370 2157 552 2222 ordinatur
571 2155 712 2241 aliquid.

335 2282 497 2346 Declarat
517 2280 652 2345 Lullius
672 2280 708 2344 in
724 2280 813 2345 libro
831 2282 887 2345 De
910 2281 1054 2346 auditu
1079 2283 1336 2363 cabalistico‚
1356 2305 1392 2348 se
1416 2286 1446 2346 d
1466 2285 1518 2346 4r

245 2429 306 2494 per
323 2405 511 2472 terminum
524 2405 623 2470 illum
636 2405 770 2470 'causa’
783 2405 979 2492 intelligere
991 2429 1101 2491 genus
1113 2407 1342 2490 substantiae,
1357 2415 1392 2473 et

180 2530 221 2593 15
245 2557 306 2622 per
325 2534 491 2599 terminos
510 2531 588 2597 illos
607 2531 801 2617 ‘quantitas
820 2539 855 2597 et
874 2535 1027 2620 tempus³
1047 2534 1242 2620 intelligere
1266 2557 1393 2620 genera

245 2658 489 2740 accidentium,
503 2666 537 2722 et
550 2657 711 2722 universa
732 2665 850 2722 contra
870 2658 1101 2723 substantiam
1117 2658 1281 2723 distincte
1296 2681 1393 2746 prae·

247 2786 370 2852 dicata.
392 2785 510 2870 Neque
530 2785 627 2850 obest
650 2784 741 2868 quod
761 2784 956 2850 substantia
980 2785 1198 2871 intelligatur
1213 2785 1391 2872 implicata

244 2911 343 2976 iniis
368 2932 455 2997 quae
483 2909 725 2996 significantur
754 2933 815 2995 per
845 2918 923 2975 octo
951 2911 1120 2976 elementa
1143 2910 1274 2996 figurae
1299 2909 1336 2994 S,
1357 2919 1392 2977 et

245 3058 369 3101 novem
401 3034 588 3100 accidentis
620 3057 746 3119 genera
780 3035 817 3099 iu
847 3035 1000 3101 eiusdem
1034 3036 1166 3121 figurae
1202 3057 1293 3101 nono
1328 3036 1393 3101 ele-

178 3165 223 3228 20
244 3167 361 3227 mento
380 3161 425 3224 Κ.
446 3160 526 3247 Ipsa
542 3159 633 3224 enim
653 3159 861 3240 accidentia,
887 3160 1072 3247 dupliciter
1091 3160 1325 3240 considerata,
1348 3161 1392 3226 ad

245 3286 330 3351 duas
347 3284 457 3368 (iuxta
473 3283 558 3349 duos
573 3292 747 3370 respectus
767 3292 801 3349 et
817 3285 940 3367 officia)
959 3285 1137 3372 pertinent
1153 3285 1290 3371 figuras
1304 3286 1389 3350 Sub-

245 3415 397 3481 stantive
416 3413 559 3498 inquam
577 3421 715 3499 sumpta
739 3413 776 3477 in
795 3436 919 3498 genere
939 3414 1171 3480 subiectorum
1191 3414 1391 3499 intelligun-

245 3548 302 3606 tur
326 3541 388 3622 (sie
411 3538 539 3604 etenim
556 3538 788 3603 instrumenta
806 3546 900 3622 sunt,
921 3539 1046 3626 quibus
1065 3537 1199 3623 aliquid
1218 3539 1391 3626 contingit

245 3667 408 3752 operari),
428 3664 598 3730 adiective
614 3671 731 3728 autem
743 3671 844 3750 capta
858 3665 974 3743 (etiam
993 3687 1069 3729 cum
1086 3664 1161 3751 ipsa
1181 3664 1390 3746 substantia)

178 3796 460 3877 repraesentem
490 3789 682 3854 necessario
713 3791 860 3875 figuram
886 3789 1142 3857 subintrabunt.
1164 3789 1390 3874 Substantive

245 3917 403 4002 intelligo
424 3915 513 3981 sumi
532 3914 679 4000 aliquid,
703 3915 840 4000 quando
871 3915 984 4002 ipsum
1009 3938 1071 4002 per
1097 3915 1164 3980 alia
1193 3915 1390 3981 denomino-

245 4044 315 4110 bile
338 4052 390 4110 est
413 4051 518 4128 atque
541 4041 807 4124 considerabile;
834 4042 1151 4124 adiectiveautem‚
1173 4039 1390 4128 quandoper

242 4167 356 4256 ipsum
378 4168 455 4234 alia.

331 4473 346 4522 4
364 4477 568 4536 extentumque
581 4472 620 4521 A:
634 4475 853 4538 extenctemque
866 4471 903 4521 P:
918 4475 1121 4535 extensumque
1135 4467 1159 4519 0

376 4578 453 4617 Bnuni
470 4577 525 4626 Opp.
541 4578 581 4615 tot.
597 4575 633 4625 11,
649 4576 670 4616 2.
1201 4575 1228 4615 36
