<?xml version="1.0" encoding="UTF-8"?>
<!DOCTYPE html PUBLIC "-//W3C//DTD XHTML 1.0 Transitional//EN"
    "http://www.w3.org/TR/xhtml1/DTD/xhtml1-transitional.dtd">
<html xmlns="http://www.w3.org/1999/xhtml" xml:lang="en" lang="en">
 <head>
  <title>
</title>
<meta http-equiv="Content-Type" content="text/html;charset=utf-8" />
  <meta name='ocr-system' content='tesseract 3.04.00' />
  <meta name='ocr-capabilities' content='ocr_page ocr_carea ocr_par ocr_line ocrx_word'/>
</head>
<body>
  <div class='ocr_page' id='page_1' title='image "./jordanibruninol03brungoog_0244.png"; bbox 0 0 3414 5122; ppageno 0'>
   <div class='ocr_carea' id='block_1_1' title="bbox 451 413 1397 471">
    <p class='ocr_par' dir='ltr' id='par_1_1' title="bbox 451 413 1397 471">
     <span class='ocr_line' id='line_1_1' title="bbox 451 413 1397 471; baseline -0.001 -2"><span class='ocrx_word' id='word_1_1' title='bbox 451 426 610 471; x_wconf 71' lang='lat' dir='ltr'>sarasar.</span> <span class='ocrx_word' id='word_1_2' title='bbox 633 426 668 470; x_wconf 83' lang='lat' dir='ltr'>m</span> <span class='ocrx_word' id='word_1_3' title='bbox 689 425 832 470; x_wconf 73' lang='lat' dir='ltr'>altresi).</span> <span class='ocrx_word' id='word_1_4' title='bbox 856 426 1076 470; x_wconf 69' lang='lat' dir='ltr'>nonmusios.</span> <span class='ocrx_word' id='word_1_5' title='bbox 1338 413 1397 468; x_wconf 77' lang='lat'>233</span> 
     </span>
    </p>
   </div>
   <div class='ocr_carea' id='block_1_2' title="bbox 174 583 1522 1549">
    <p class='ocr_par' dir='ltr' id='par_1_2' title="bbox 250 583 1397 666">
     <span class='ocr_line' id='line_1_2' title="bbox 250 583 1397 666; baseline -0.003 -14"><span class='ocrx_word' id='word_1_6' title='bbox 250 593 385 652; x_wconf 90' lang='lat' dir='ltr'>vestrae</span> <span class='ocrx_word' id='word_1_7' title='bbox 404 583 588 650; x_wconf 86' lang='lat' dir='ltr'>candorem</span> <span class='ocrx_word' id='word_1_8' title='bbox 618 606 687 648; x_wconf 86' lang='lat' dir='ltr'>nou</span> <span class='ocrx_word' id='word_1_9' title='bbox 716 584 1009 666; x_wconf 85' lang='lat' dir='ltr'>commaculastis,</span> <span class='ocrx_word' id='word_1_10' title='bbox 1039 585 1202 650; x_wconf 86' lang='lat' dir='ltr'>eximium</span> <span class='ocrx_word' id='word_1_11' title='bbox 1229 586 1397 650; x_wconf 85' lang='lat' dir='ltr'>universi-</span> 
     </span>
    </p>

    <p class='ocr_par' dir='ltr' id='par_1_3' title="bbox 174 697 1522 1046">
     <span class='ocr_line' id='line_1_3' title="bbox 174 697 1396 796; baseline -0.001 -20"><span class='ocrx_word' id='word_1_12' title='bbox 174 697 176 700; x_wconf 9' lang='grc' dir='ltr'><em>Α</em></span> <span class='ocrx_word' id='word_1_13' title='bbox 252 711 334 776; x_wconf 89' lang='lat' dir='ltr'>tatis</span> <span class='ocrx_word' id='word_1_14' title='bbox 351 709 454 774; x_wconf 88' lang='lat' dir='ltr'>decus</span> <span class='ocrx_word' id='word_1_15' title='bbox 471 710 705 796; x_wconf 80' lang='lat' dir='ltr'>splendescere</span> <span class='ocrx_word' id='word_1_16' title='bbox 721 709 865 791; x_wconf 84' lang='lat' dir='ltr'>fecistis,</span> <span class='ocrx_word' id='word_1_17' title='bbox 884 710 1026 774; x_wconf 78' lang='lat' dir='ltr'>innatae</span> <span class='ocrx_word' id='word_1_18' title='bbox 1041 709 1225 795; x_wconf 87' lang='lat' dir='ltr'>gravitatis</span> <span class='ocrx_word' id='word_1_19' title='bbox 1241 710 1278 774; x_wconf 91' lang='lat' dir='ltr'>in</span> <span class='ocrx_word' id='word_1_20' title='bbox 1296 711 1396 775; x_wconf 87' lang='lat' dir='ltr'>rebus</span> 
     </span>
     <span class='ocr_line' id='line_1_4' title="bbox 251 833 1395 923; baseline -0.001 -21"><span class='ocrx_word' id='word_1_21' title='bbox 251 836 414 923; x_wconf 82' lang='lat' dir='ltr'>gerendis</span> <span class='ocrx_word' id='word_1_22' title='bbox 433 833 602 903; x_wconf 88' lang='lat' dir='ltr'>rationem</span> <span class='ocrx_word' id='word_1_23' title='bbox 630 856 700 899; x_wconf 89' lang='lat' dir='ltr'>non</span> <span class='ocrx_word' id='word_1_24' title='bbox 719 834 932 915; x_wconf 88' lang='lat' dir='ltr'>temerastis;</span> <span class='ocrx_word' id='word_1_25' title='bbox 952 835 1061 900; x_wconf 91' lang='lat' dir='ltr'>nihilo</span> <span class='ocrx_word' id='word_1_26' title='bbox 1090 835 1181 899; x_wconf 89' lang='lat' dir='ltr'>enim</span> <span class='ocrx_word' id='word_1_27' title='bbox 1209 835 1322 901; x_wconf 90' lang='lat' dir='ltr'>minus</span> <span class='ocrx_word' id='word_1_28' title='bbox 1341 860 1395 922; x_wconf 85' lang='lat' dir='ltr'>pe-</span> 
     </span>
     <span class='ocr_line' id='line_1_5' title="bbox 253 959 1522 1046; baseline 0.002 -20"><span class='ocrx_word' id='word_1_29' title='bbox 253 962 391 1046; x_wconf 85' lang='lat' dir='ltr'>regrino</span> <span class='ocrx_word' id='word_1_30' title='bbox 416 968 451 1025; x_wconf 92' lang='lat' dir='ltr'>et</span> <span class='ocrx_word' id='word_1_31' title='bbox 474 959 567 1024; x_wconf 85' lang='lat' dir='ltr'>exuli</span> <span class='ocrx_word' id='word_1_32' title='bbox 586 959 748 1025; x_wconf 79' lang='lat' dir='ltr'>socialem</span> <span class='ocrx_word' id='word_1_33' title='bbox 776 959 973 1039; x_wconf 68' lang='lat' dir='ltr'>vo{biscum</span> <span class='ocrx_word' id='word_1_34' title='bbox 1000 959 1109 1024; x_wconf 85' lang='lat' dir='ltr'>vitam</span> <span class='ocrx_word' id='word_1_35' title='bbox 1136 983 1252 1046; x_wconf 85' lang='lat' dir='ltr'>agere,</span> <span class='ocrx_word' id='word_1_36' title='bbox 1272 962 1316 1026; x_wconf 87' lang='lat' dir='ltr'>ad</span> <span class='ocrx_word' id='word_1_37' title='bbox 1341 984 1398 1027; x_wconf 89' lang='lat' dir='ltr'>eas</span> <span class='ocrx_word' id='word_1_38' title='bbox 1422 982 1452 1030; x_wconf 80' lang='lat' dir='ltr'>a</span> <span class='ocrx_word' id='word_1_39' title='bbox 1470 969 1522 1029; x_wconf 75' lang='grc' dir='ltr'>5ν</span> 
     </span>
    </p>

    <p class='ocr_par' dir='ltr' id='par_1_4' title="bbox 209 1085 1491 1549">
     <span class='ocr_line' id='line_1_6' title="bbox 209 1085 1395 1173; baseline 0.001 -21"><span class='ocrx_word' id='word_1_40' title='bbox 209 1097 288 1157; x_wconf 82' lang='lat' dir='ltr'>5se</span> <span class='ocrx_word' id='word_1_41' title='bbox 321 1086 478 1173; x_wconf 89' lang='lat' dir='ltr'>privatas</span> <span class='ocrx_word' id='word_1_42' title='bbox 512 1085 664 1169; x_wconf 87' lang='lat' dir='ltr'>recipere</span> <span class='ocrx_word' id='word_1_43' title='bbox 698 1085 863 1149; x_wconf 86' lang='lat' dir='ltr'>lectiones</span> <span class='ocrx_word' id='word_1_44' title='bbox 894 1092 998 1170; x_wconf 89' lang='lat' dir='ltr'>atque</span> <span class='ocrx_word' id='word_1_45' title='bbox 1033 1085 1147 1150; x_wconf 86' lang='lat' dir='ltr'>studia</span> <span class='ocrx_word' id='word_1_46' title='bbox 1179 1108 1395 1173; x_wconf 85' lang='lat' dir='ltr'>concessum,</span> 
     </span>
     <span class='ocr_line' id='line_1_7' title="bbox 255 1200 1491 1296; baseline -0.002 -19"><span class='ocrx_word' id='word_1_47' title='bbox 255 1200 404 1296; x_wconf 83' lang='lat' dir='ltr'>quorum&#39;</span> <span class='ocrx_word' id='word_1_48' title='bbox 424 1211 593 1275; x_wconf 76' lang='lat' dir='ltr'>duntaxat</span> <span class='ocrx_word' id='word_1_49' title='bbox 617 1210 783 1295; x_wconf 83' lang='lat' dir='ltr'>suffragio</span> <span class='ocrx_word' id='word_1_50' title='bbox 814 1211 1029 1296; x_wconf 81' lang='lat' dir='ltr'>paupertatis</span> <span class='ocrx_word' id='word_1_51' title='bbox 1057 1210 1202 1276; x_wconf 88' lang='lat' dir='ltr'>iniurias</span> <span class='ocrx_word' id='word_1_52' title='bbox 1230 1212 1396 1280; x_wconf 88' lang='lat' dir='ltr'>haetenus</span> <span class='ocrx_word' id='word_1_53' title='bbox 1488 1266 1491 1274; x_wconf 89' lang='lat'><em>.</em></span> 
     </span>
     <span class='ocr_line' id='line_1_8' title="bbox 253 1334 1395 1423; baseline 0.002 -22"><span class='ocrx_word' id='word_1_54' title='bbox 253 1337 442 1423; x_wconf 85' lang='lat' dir='ltr'>reppulisse</span> <span class='ocrx_word' id='word_1_55' title='bbox 470 1334 579 1400; x_wconf 87' lang='lat' dir='ltr'>licuit.</span> <span class='ocrx_word' id='word_1_56' title='bbox 607 1335 671 1400; x_wconf 89' lang='lat' dir='ltr'>His</span> <span class='ocrx_word' id='word_1_57' title='bbox 695 1335 844 1417; x_wconf 87' lang='lat' dir='ltr'>accedit,</span> <span class='ocrx_word' id='word_1_58' title='bbox 872 1335 963 1420; x_wconf 89' lang='lat' dir='ltr'>quod</span> <span class='ocrx_word' id='word_1_59' title='bbox 996 1358 1057 1400; x_wconf 83' lang='lat' dir='ltr'>vos</span> <span class='ocrx_word' id='word_1_60' title='bbox 1086 1336 1218 1402; x_wconf 89' lang='lat' dir='ltr'>interea</span> <span class='ocrx_word' id='word_1_61' title='bbox 1242 1337 1395 1423; x_wconf 79' lang='lat' dir='ltr'>maligna</span> 
     </span>
     <span class='ocr_line' id='line_1_9' title="bbox 255 1459 1394 1549; baseline 0.002 -23"><span class='ocrx_word' id='word_1_62' title='bbox 255 1461 402 1545; x_wconf 89' lang='lat' dir='ltr'>quadam</span> <span class='ocrx_word' id='word_1_63' title='bbox 419 1461 570 1547; x_wconf 90' lang='lat' dir='ltr'>plurium</span> <span class='ocrx_word' id='word_1_64' title='bbox 588 1459 875 1526; x_wconf 85' lang='lat' dir='ltr'>calumniatorum</span> <span class='ocrx_word' id='word_1_65' title='bbox 889 1461 1044 1547; x_wconf 86' lang='lat' dir='ltr'>nequitia</span> <span class='ocrx_word' id='word_1_66' title='bbox 1057 1461 1289 1549; x_wconf 88' lang='lat' dir='ltr'>importunius</span> <span class='ocrx_word' id='word_1_67' title='bbox 1303 1464 1394 1528; x_wconf 88' lang='lat' dir='ltr'>solli·</span> 
     </span>
    </p>
   </div>
   <div class='ocr_carea' id='block_1_3' title="bbox 189 1570 1395 1674">
    <p class='ocr_par' dir='ltr' id='par_1_5' title="bbox 189 1570 1395 1674">
     <span class='ocr_line' id='line_1_10' title="bbox 189 1570 1395 1674; baseline 0.002 -24"><span class='ocrx_word' id='word_1_68' title='bbox 189 1570 191 1575; x_wconf 41' lang='grc'>’</span> <span class='ocrx_word' id='word_1_69' title='bbox 254 1586 393 1668; x_wconf 87' lang='lat' dir='ltr'>citatos,</span> <span class='ocrx_word' id='word_1_70' title='bbox 407 1587 450 1651; x_wconf 87' lang='lat' dir='ltr'>ab</span> <span class='ocrx_word' id='word_1_71' title='bbox 471 1585 646 1651; x_wconf 89' lang='lat' dir='ltr'>ordinaria</span> <span class='ocrx_word' id='word_1_72' title='bbox 661 1585 720 1649; x_wconf 87' lang='lat' dir='ltr'>illa</span> <span class='ocrx_word' id='word_1_73' title='bbox 734 1585 945 1668; x_wconf 85' lang='lat' dir='ltr'>urbanitate,</span> <span class='ocrx_word' id='word_1_74' title='bbox 958 1585 1088 1669; x_wconf 86' lang='lat' dir='ltr'>favore,</span> <span class='ocrx_word' id='word_1_75' title='bbox 1102 1595 1339 1674; x_wconf 89' lang='lat' dir='ltr'>perpetuoque</span> <span class='ocrx_word' id='word_1_76' title='bbox 1354 1588 1395 1653; x_wconf 91' lang='lat' dir='ltr'>de</span> 
     </span>
    </p>
   </div>
   <div class='ocr_carea' id='block_1_4' title="bbox 186 1711 1526 4179">
    <p class='ocr_par' dir='ltr' id='par_1_6' title="bbox 191 1711 1395 2300">
     <span class='ocr_line' id='line_1_11' title="bbox 191 1711 1395 1798; baseline 0.001 -21"><span class='ocrx_word' id='word_1_77' title='bbox 191 1728 232 1790; x_wconf 87' lang='lat'>10</span> <span class='ocrx_word' id='word_1_78' title='bbox 255 1713 413 1778; x_wconf 90' lang='lat' dir='ltr'>omnibus</span> <span class='ocrx_word' id='word_1_79' title='bbox 434 1711 675 1777; x_wconf 89' lang='lat' dir='ltr'>benemerendi</span> <span class='ocrx_word' id='word_1_80' title='bbox 700 1712 814 1777; x_wconf 89' lang='lat' dir='ltr'>studio</span> <span class='ocrx_word' id='word_1_81' title='bbox 833 1734 943 1796; x_wconf 90' lang='lat' dir='ltr'>neque</span> <span class='ocrx_word' id='word_1_82' title='bbox 967 1712 1095 1778; x_wconf 87' lang='lat' dir='ltr'>avertit</span> <span class='ocrx_word' id='word_1_83' title='bbox 1119 1735 1230 1798; x_wconf 86' lang='lat' dir='ltr'>neque</span> <span class='ocrx_word' id='word_1_84' title='bbox 1249 1713 1395 1779; x_wconf 89' lang='lat' dir='ltr'>dimovit</span> 
     </span>
     <span class='ocr_line' id='line_1_12' title="bbox 253 1837 1395 1924; baseline 0.003 -23"><span class='ocrx_word' id='word_1_85' title='bbox 253 1859 415 1922; x_wconf 89' lang='lat' dir='ltr'>unquam.</span> <span class='ocrx_word' id='word_1_86' title='bbox 449 1837 524 1902; x_wconf 88' lang='lat' dir='ltr'>Iam</span> <span class='ocrx_word' id='word_1_87' title='bbox 544 1846 610 1915; x_wconf 89' lang='lat' dir='ltr'>(me</span> <span class='ocrx_word' id='word_1_88' title='bbox 642 1837 819 1918; x_wconf 90' lang='lat' dir='ltr'>miserum)</span> <span class='ocrx_word' id='word_1_89' title='bbox 853 1837 938 1921; x_wconf 86' lang='lat' dir='ltr'>quid</span> <span class='ocrx_word' id='word_1_90' title='bbox 967 1860 1122 1924; x_wconf 87' lang='lat' dir='ltr'>agam,a</span> <span class='ocrx_word' id='word_1_91' title='bbox 1156 1861 1223 1924; x_wconf 92' lang='lat' dir='ltr'>quo</span> <span class='ocrx_word' id='word_1_92' title='bbox 1257 1846 1395 1904; x_wconf 86' lang='lat' dir='ltr'>tantum</span> 
     </span>
     <span class='ocr_line' id='line_1_13' title="bbox 253 1961 1394 2049; baseline 0.001 -21"><span class='ocrx_word' id='word_1_93' title='bbox 253 1963 362 2044; x_wconf 87' lang='lat' dir='ltr'>abest,</span> <span class='ocrx_word' id='word_1_94' title='bbox 394 1973 433 2027; x_wconf 90' lang='lat' dir='ltr'>ut</span> <span class='ocrx_word' id='word_1_95' title='bbox 465 1962 609 2027; x_wconf 85' lang='lat' dir='ltr'>virtutis</span> <span class='ocrx_word' id='word_1_96' title='bbox 640 1969 774 2027; x_wconf 88' lang='lat' dir='ltr'>vestrae</span> <span class='ocrx_word' id='word_1_97' title='bbox 801 1961 942 2027; x_wconf 83' lang='lat' dir='ltr'>effeetus</span> <span class='ocrx_word' id='word_1_98' title='bbox 971 1962 1088 2047; x_wconf 90' lang='lat' dir='ltr'>aliquo</span> <span class='ocrx_word' id='word_1_99' title='bbox 1117 1964 1222 2049; x_wconf 85' lang='lat' dir='ltr'>digno</span> <span class='ocrx_word' id='word_1_100' title='bbox 1252 1987 1394 2030; x_wconf 87' lang='lat' dir='ltr'>munere</span> 
     </span>
     <span class='ocr_line' id='line_1_14' title="bbox 253 2087 1392 2176; baseline 0 -23"><span class='ocrx_word' id='word_1_101' title='bbox 253 2089 394 2174; x_wconf 84' lang='lat' dir='ltr'>ignotus</span> <span class='ocrx_word' id='word_1_102' title='bbox 419 2087 674 2168; x_wconf 87' lang='lat' dir='ltr'>antecesserim,</span> <span class='ocrx_word' id='word_1_103' title='bbox 694 2094 801 2172; x_wconf 89' lang='lat' dir='ltr'>utque</span> <span class='ocrx_word' id='word_1_104' title='bbox 820 2093 934 2152; x_wconf 87' lang='lat' dir='ltr'>vestra</span> <span class='ocrx_word' id='word_1_105' title='bbox 963 2087 1074 2153; x_wconf 85' lang='lat' dir='ltr'>officia</span> <span class='ocrx_word' id='word_1_106' title='bbox 1093 2089 1169 2175; x_wconf 89' lang='lat' dir='ltr'>pari</span> <span class='ocrx_word' id='word_1_107' title='bbox 1189 2089 1244 2153; x_wconf 93' lang='lat' dir='ltr'>vel</span> <span class='ocrx_word' id='word_1_108' title='bbox 1268 2089 1392 2176; x_wconf 91' lang='lat' dir='ltr'>impari</span> 
     </span>
     <span class='ocr_line' id='line_1_15' title="bbox 253 2213 1393 2300; baseline 0.001 -22"><span class='ocrx_word' id='word_1_109' title='bbox 253 2213 378 2279; x_wconf 89' lang='lat' dir='ltr'>fuerim</span> <span class='ocrx_word' id='word_1_110' title='bbox 408 2213 658 2278; x_wconf 84' lang='lat' dir='ltr'>concomitatus</span> <span class='ocrx_word' id='word_1_111' title='bbox 688 2213 872 2298; x_wconf 80' lang='lat' dir='ltr'>obsequio?</span> <span class='ocrx_word' id='word_1_112' title='bbox 904 2213 974 2278; x_wconf 81' lang='lat' dir='ltr'>Cur</span> <span class='ocrx_word' id='word_1_113' title='bbox 997 2236 1066 2279; x_wconf 92' lang='lat' dir='ltr'>non</span> <span class='ocrx_word' id='word_1_114' title='bbox 1097 2237 1135 2279; x_wconf 87' lang='lat' dir='ltr'>eo</span> <span class='ocrx_word' id='word_1_115' title='bbox 1160 2214 1295 2297; x_wconf 87' lang='lat' dir='ltr'>saltem,</span> <span class='ocrx_word' id='word_1_116' title='bbox 1327 2237 1393 2300; x_wconf 92' lang='lat' dir='ltr'>quo</span> 
     </span>
    </p>

    <p class='ocr_par' dir='ltr' id='par_1_7' title="bbox 190 2340 1394 2927">
     <span class='ocr_line' id='line_1_16' title="bbox 190 2340 1393 2426; baseline 0 -22"><span class='ocrx_word' id='word_1_117' title='bbox 190 2352 231 2414; x_wconf 77' lang='lat'>15</span> <span class='ocrx_word' id='word_1_118' title='bbox 254 2362 405 2425; x_wconf 88' lang='lat' dir='ltr'>possum,</span> <span class='ocrx_word' id='word_1_119' title='bbox 425 2347 526 2422; x_wconf 84' lang='lat' dir='ltr'>gestu</span> <span class='ocrx_word' id='word_1_120' title='bbox 547 2345 650 2421; x_wconf 86' lang='lat' dir='ltr'>atque</span> <span class='ocrx_word' id='word_1_121' title='bbox 666 2360 764 2418; x_wconf 84' lang='lat' dir='ltr'>voce,</span> <span class='ocrx_word' id='word_1_122' title='bbox 782 2349 912 2422; x_wconf 86' lang='lat' dir='ltr'>quanto</span> <span class='ocrx_word' id='word_1_123' title='bbox 929 2340 1022 2403; x_wconf 91' lang='lat' dir='ltr'>omni</span> <span class='ocrx_word' id='word_1_124' title='bbox 1039 2363 1079 2403; x_wconf 88' lang='lat' dir='ltr'>ex</span> <span class='ocrx_word' id='word_1_125' title='bbox 1095 2347 1193 2426; x_wconf 90' lang='lat' dir='ltr'>parte</span> <span class='ocrx_word' id='word_1_126' title='bbox 1209 2340 1393 2425; x_wconf 78' lang='lat' dir='ltr'>impotem,</span> 
     </span>
     <span class='ocr_line' id='line_1_17' title="bbox 253 2463 1394 2549; baseline 0.003 -20"><span class='ocrx_word' id='word_1_127' title='bbox 253 2472 351 2530; x_wconf 89' lang='lat' dir='ltr'>tanto</span> <span class='ocrx_word' id='word_1_128' title='bbox 368 2463 472 2529; x_wconf 88' lang='lat' dir='ltr'>avitis</span> <span class='ocrx_word' id='word_1_129' title='bbox 493 2486 611 2529; x_wconf 88' lang='lat' dir='ltr'>carens</span> <span class='ocrx_word' id='word_1_130' title='bbox 627 2463 800 2528; x_wconf 86' lang='lat' dir='ltr'>indicibus</span> <span class='ocrx_word' id='word_1_131' title='bbox 819 2472 923 2548; x_wconf 89' lang='lat' dir='ltr'>atque</span> <span class='ocrx_word' id='word_1_132' title='bbox 938 2465 1160 2549; x_wconf 85' lang='lat' dir='ltr'>testimoniis,</span> <span class='ocrx_word' id='word_1_133' title='bbox 1178 2467 1394 2532; x_wconf 85' lang='lat' dir='ltr'>excruciatus</span> 
     </span>
     <span class='ocr_line' id='line_1_18' title="bbox 253 2589 1394 2676; baseline 0.001 -21"><span class='ocrx_word' id='word_1_134' title='bbox 253 2589 414 2676; x_wconf 89' lang='lat' dir='ltr'>amplius,</span> <span class='ocrx_word' id='word_1_135' title='bbox 433 2589 495 2653; x_wconf 89' lang='lat' dir='ltr'>ubi</span> <span class='ocrx_word' id='word_1_136' title='bbox 525 2610 636 2653; x_wconf 87' lang='lat' dir='ltr'>meam</span> <span class='ocrx_word' id='word_1_137' title='bbox 656 2611 710 2653; x_wconf 90' lang='lat' dir='ltr'>me</span> <span class='ocrx_word' id='word_1_138' title='bbox 737 2589 927 2653; x_wconf 88' lang='lat' dir='ltr'>attollendo</span> <span class='ocrx_word' id='word_1_139' title='bbox 957 2590 1231 2656; x_wconf 85' lang='lat' dir='ltr'>imbecillitatem</span> <span class='ocrx_word' id='word_1_140' title='bbox 1256 2592 1394 2656; x_wconf 89' lang='lat' dir='ltr'>vincere</span> 
     </span>
     <span class='ocr_line' id='line_1_19' title="bbox 253 2714 1393 2801; baseline 0.004 -23"><span class='ocrx_word' id='word_1_141' title='bbox 253 2737 399 2799; x_wconf 86' lang='lat' dir='ltr'>nequeo,</span> <span class='ocrx_word' id='word_1_142' title='bbox 431 2714 557 2799; x_wconf 85' lang='lat' dir='ltr'>dignus</span> <span class='ocrx_word' id='word_1_143' title='bbox 585 2715 719 2795; x_wconf 87' lang='lat' dir='ltr'>saltem,</span> <span class='ocrx_word' id='word_1_144' title='bbox 752 2715 812 2798; x_wconf 89' lang='lat' dir='ltr'>qui</span> <span class='ocrx_word' id='word_1_145' title='bbox 836 2738 911 2779; x_wconf 91' lang='lat' dir='ltr'>eam</span> <span class='ocrx_word' id='word_1_146' title='bbox 935 2715 1073 2780; x_wconf 84' lang='lat' dir='ltr'>vincere</span> <span class='ocrx_word' id='word_1_147' title='bbox 1102 2717 1244 2801; x_wconf 86' lang='lat' dir='ltr'>possim,</span> <span class='ocrx_word' id='word_1_148' title='bbox 1273 2716 1393 2783; x_wconf 89' lang='lat' dir='ltr'>haberi</span> 
     </span>
     <span class='ocr_line' id='line_1_20' title="bbox 252 2840 1393 2927; baseline 0.003 -23"><span class='ocrx_word' id='word_1_149' title='bbox 252 2841 452 2927; x_wconf 86' lang='lat' dir='ltr'>procurem?</span> <span class='ocrx_word' id='word_1_150' title='bbox 473 2841 580 2905; x_wconf 89' lang='lat' dir='ltr'>Porro</span> <span class='ocrx_word' id='word_1_151' title='bbox 611 2861 681 2904; x_wconf 89' lang='lat' dir='ltr'>uon</span> <span class='ocrx_word' id='word_1_152' title='bbox 705 2840 922 2905; x_wconf 80' lang='lat' dir='ltr'>mediocriter</span> <span class='ocrx_word' id='word_1_153' title='bbox 952 2841 1087 2906; x_wconf 91' lang='lat' dir='ltr'>animus</span> <span class='ocrx_word' id='word_1_154' title='bbox 1106 2841 1258 2907; x_wconf 86' lang='lat' dir='ltr'>reficitur</span> <span class='ocrx_word' id='word_1_155' title='bbox 1287 2842 1393 2927; x_wconf 89' lang='lat' dir='ltr'>inque</span> 
     </span>
    </p>

    <p class='ocr_par' dir='ltr' id='par_1_8' title="bbox 186 2965 1526 3556">
     <span class='ocr_line' id='line_1_21' title="bbox 186 2965 1521 3052; baseline 0.001 -21"><span class='ocrx_word' id='word_1_156' title='bbox 186 2975 231 3037; x_wconf 74' lang='lat'>‘20</span> <span class='ocrx_word' id='word_1_157' title='bbox 254 2989 348 3052; x_wconf 89' lang='lat' dir='ltr'>spem</span> <span class='ocrx_word' id='word_1_158' title='bbox 365 2965 476 3030; x_wconf 82' lang='lat' dir='ltr'>futuri</span> <span class='ocrx_word' id='word_1_159' title='bbox 495 2965 587 3050; x_wconf 77' lang='lat' dir='ltr'>grati</span> <span class='ocrx_word' id='word_1_160' title='bbox 608 2965 763 3049; x_wconf 92' lang='lat' dir='ltr'>obsequii</span> <span class='ocrx_word' id='word_1_161' title='bbox 781 2965 846 3029; x_wconf 87' lang='lat' dir='ltr'>mei</span> <span class='ocrx_word' id='word_1_162' title='bbox 864 2974 1099 3051; x_wconf 86' lang='lat' dir='ltr'>promovetur,</span> <span class='ocrx_word' id='word_1_163' title='bbox 1120 2967 1157 3030; x_wconf 91' lang='lat' dir='ltr'>in</span> <span class='ocrx_word' id='word_1_164' title='bbox 1176 2968 1394 3048; x_wconf 61' lang='lat' dir='ltr'>meimoriam</span> <span class='ocrx_word' id='word_1_165' title='bbox 1419 2983 1450 3031; x_wconf 81' lang='lat' dir='ltr'>a</span> <span class='ocrx_word' id='word_1_166' title='bbox 1471 2969 1521 3031; x_wconf 54' lang='grc' dir='ltr'>6Ὦ</span> 
     </span>
     <span class='ocr_line' id='line_1_22' title="bbox 253 3091 1392 3179; baseline 0.001 -22"><span class='ocrx_word' id='word_1_167' title='bbox 253 3115 430 3172; x_wconf 77' lang='lat' dir='ltr'>revocanS,</span> <span class='ocrx_word' id='word_1_168' title='bbox 450 3091 603 3158; x_wconf 83' lang='lat' dir='ltr'>heroicos</span> <span class='ocrx_word' id='word_1_169' title='bbox 619 3092 763 3179; x_wconf 86' lang='lat' dir='ltr'>spiritus</span> <span class='ocrx_word' id='word_1_170' title='bbox 777 3092 844 3156; x_wconf 89' lang='lat' dir='ltr'>illis</span> <span class='ocrx_word' id='word_1_171' title='bbox 863 3092 1053 3158; x_wconf 86' lang='lat' dir='ltr'>adsimilari</span> <span class='ocrx_word' id='word_1_172' title='bbox 1066 3093 1158 3176; x_wconf 87' lang='lat' dir='ltr'>Diis,</span> <span class='ocrx_word' id='word_1_173' title='bbox 1176 3093 1236 3178; x_wconf 90' lang='lat' dir='ltr'>qui</span> <span class='ocrx_word' id='word_1_174' title='bbox 1256 3094 1392 3178; x_wconf 90' lang='lat' dir='ltr'>aequio-</span> 
     </span>
     <span class='ocr_line' id='line_1_23' title="bbox 253 3217 1526 3306; baseline 0.001 -24"><span class='ocrx_word' id='word_1_175' title='bbox 253 3218 350 3282; x_wconf 88' lang='lat' dir='ltr'>ribus</span> <span class='ocrx_word' id='word_1_176' title='bbox 378 3217 485 3283; x_wconf 87' lang='lat' dir='ltr'>oculis</span> <span class='ocrx_word' id='word_1_177' title='bbox 516 3219 559 3283; x_wconf 90' lang='lat' dir='ltr'>ad</span> <span class='ocrx_word' id='word_1_178' title='bbox 588 3219 725 3284; x_wconf 91' lang='lat' dir='ltr'>obolum</span> <span class='ocrx_word' id='word_1_179' title='bbox 753 3218 878 3284; x_wconf 85' lang='lat' dir='ltr'>viduae</span> <span class='ocrx_word' id='word_1_180' title='bbox 908 3242 949 3283; x_wconf 88' lang='lat' dir='ltr'>ex</span> <span class='ocrx_word' id='word_1_181' title='bbox 977 3243 1055 3283; x_wconf 85' lang='lat' dir='ltr'>arca</span> <span class='ocrx_word' id='word_1_182' title='bbox 1074 3221 1289 3306; x_wconf 86' lang='lat' dir='ltr'>paupertatis</span> <span class='ocrx_word' id='word_1_183' title='bbox 1312 3221 1315 3306; x_wconf 73' lang='lat' dir='ltr'>l</span> <span class='ocrx_word' id='word_1_184' title='bbox 1337 3219 1392 3283; x_wconf 90' lang='lat' dir='ltr'>de·</span> <span class='ocrx_word' id='word_1_185' title='bbox 1420 3229 1526 3291; x_wconf 70' lang='lat'>62&#39;7</span> 
     </span>
     <span class='ocr_line' id='line_1_24' title="bbox 253 3345 1391 3431; baseline 0.003 -24"><span class='ocrx_word' id='word_1_186' title='bbox 253 3351 465 3430; x_wconf 89' lang='lat' dir='ltr'>promptum,</span> <span class='ocrx_word' id='word_1_187' title='bbox 495 3367 598 3428; x_wconf 90' lang='lat' dir='ltr'>quam</span> <span class='ocrx_word' id='word_1_188' title='bbox 632 3345 675 3408; x_wconf 86' lang='lat' dir='ltr'>ad</span> <span class='ocrx_word' id='word_1_189' title='bbox 705 3346 839 3429; x_wconf 78' lang='lat' dir='ltr'>regium</span> <span class='ocrx_word' id='word_1_190' title='bbox 869 3368 1007 3425; x_wconf 88' lang='lat' dir='ltr'>munus,</span> <span class='ocrx_word' id='word_1_191' title='bbox 1037 3345 1130 3429; x_wconf 81' lang='lat' dir='ltr'>quod</span> <span class='ocrx_word' id='word_1_192' title='bbox 1161 3367 1202 3408; x_wconf 85' lang='lat' dir='ltr'>ex</span> <span class='ocrx_word' id='word_1_193' title='bbox 1237 3345 1391 3431; x_wconf 89' lang='lat' dir='ltr'>myriade</span> 
     </span>
     <span class='ocr_line' id='line_1_25' title="bbox 253 3469 1391 3556; baseline 0.004 -24"><span class='ocrx_word' id='word_1_194' title='bbox 253 3470 462 3533; x_wconf 85' lang='lat' dir='ltr'>talentorum</span> <span class='ocrx_word' id='word_1_195' title='bbox 495 3469 724 3552; x_wconf 85' lang='lat' dir='ltr'>subtrahitur,</span> <span class='ocrx_word' id='word_1_196' title='bbox 758 3470 957 3556; x_wconf 83' lang='lat' dir='ltr'>inspiciunt.</span> <span class='ocrx_word' id='word_1_197' title='bbox 990 3470 1155 3546; x_wconf 77' lang='lat' dir='ltr'>Quamvis</span> <span class='ocrx_word' id='word_1_198' title='bbox 1190 3470 1300 3555; x_wconf 75' lang='lat' dir='ltr'>igitur</span> <span class='ocrx_word' id='word_1_199' title='bbox 1330 3493 1391 3536; x_wconf 89' lang='lat' dir='ltr'>vos</span> 
     </span>
    </p>

    <p class='ocr_par' dir='ltr' id='par_1_9' title="bbox 187 3595 1393 4179">
     <span class='ocr_line' id='line_1_26' title="bbox 187 3595 1391 3682; baseline 0.002 -23"><span class='ocrx_word' id='word_1_200' title='bbox 187 3603 229 3665; x_wconf 74' lang='lat'>‘25</span> <span class='ocrx_word' id='word_1_201' title='bbox 253 3602 394 3680; x_wconf 90' lang='lat' dir='ltr'>propter</span> <span class='ocrx_word' id='word_1_202' title='bbox 413 3619 467 3658; x_wconf 93' lang='lat' dir='ltr'>me</span> <span class='ocrx_word' id='word_1_203' title='bbox 486 3595 528 3659; x_wconf 91' lang='lat' dir='ltr'>de</span> <span class='ocrx_word' id='word_1_204' title='bbox 546 3595 763 3680; x_wconf 87' lang='lat' dir='ltr'>principibus</span> <span class='ocrx_word' id='word_1_205' title='bbox 783 3595 890 3659; x_wconf 86' lang='lat' dir='ltr'>Musis</span> <span class='ocrx_word' id='word_1_206' title='bbox 910 3595 1039 3680; x_wconf 89' lang='lat' dir='ltr'>optime</span> <span class='ocrx_word' id='word_1_207' title='bbox 1059 3597 1199 3660; x_wconf 90' lang='lat' dir='ltr'>meritos</span> <span class='ocrx_word' id='word_1_208' title='bbox 1220 3619 1239 3660; x_wconf 89' lang='lat' dir='ltr'>a</span> <span class='ocrx_word' id='word_1_209' title='bbox 1259 3597 1391 3682; x_wconf 82' lang='lat' dir='ltr'>superis</span> 
     </span>
     <span class='ocr_line' id='line_1_27' title="bbox 254 3719 1391 3806; baseline 0.002 -23"><span class='ocrx_word' id='word_1_210' title='bbox 254 3719 492 3784; x_wconf 88' lang='lat' dir='ltr'>universorum</span> <span class='ocrx_word' id='word_1_211' title='bbox 516 3720 774 3784; x_wconf 83' lang='lat' dir='ltr'>benefactorum</span> <span class='ocrx_word' id='word_1_212' title='bbox 800 3721 1117 3806; x_wconf 84' lang='lat' dir='ltr'>compensat-oribus</span> <span class='ocrx_word' id='word_1_213' title='bbox 1142 3727 1233 3784; x_wconf 85' lang='lat' dir='ltr'>certa</span> <span class='ocrx_word' id='word_1_214' title='bbox 1254 3743 1391 3785; x_wconf 88' lang='lat' dir='ltr'>manere</span> 
     </span>
     <span class='ocr_line' id='line_1_28' title="bbox 254 3844 1393 3930; baseline 0.001 -22"><span class='ocrx_word' id='word_1_215' title='bbox 254 3845 408 3930; x_wconf 88' lang='lat' dir='ltr'>praemia</span> <span class='ocrx_word' id='word_1_216' title='bbox 426 3867 496 3911; x_wconf 90' lang='lat' dir='ltr'>non</span> <span class='ocrx_word' id='word_1_217' title='bbox 515 3844 681 3924; x_wconf 86' lang='lat' dir='ltr'>diffidam,</span> <span class='ocrx_word' id='word_1_218' title='bbox 701 3866 763 3930; x_wconf 87' lang='lat' dir='ltr'>pro</span> <span class='ocrx_word' id='word_1_219' title='bbox 788 3868 862 3909; x_wconf 89' lang='lat' dir='ltr'>mea</span> <span class='ocrx_word' id='word_1_220' title='bbox 881 3845 1106 3911; x_wconf 87' lang='lat' dir='ltr'>nihilominus</span> <span class='ocrx_word' id='word_1_221' title='bbox 1130 3845 1301 3909; x_wconf 90' lang='lat' dir='ltr'>tenuitate</span> <span class='ocrx_word' id='word_1_222' title='bbox 1321 3867 1393 3909; x_wconf 91' lang='lat' dir='ltr'>mu·</span> 
     </span>
     <span class='ocr_line' id='line_1_29' title="bbox 255 3968 1390 4057; baseline 0 -25"><span class='ocrx_word' id='word_1_223' title='bbox 255 3992 318 4033; x_wconf 88' lang='lat' dir='ltr'>nus</span> <span class='ocrx_word' id='word_1_224' title='bbox 338 3968 430 4033; x_wconf 88' lang='lat' dir='ltr'>istud</span> <span class='ocrx_word' id='word_1_225' title='bbox 457 3970 619 4055; x_wconf 82' lang='lat' dir='ltr'>exiguum</span> <span class='ocrx_word' id='word_1_226' title='bbox 639 3969 681 4050; x_wconf 88' lang='lat' dir='ltr'>(si</span> <span class='ocrx_word' id='word_1_227' title='bbox 712 3976 829 4033; x_wconf 85' lang='lat' dir='ltr'>tamon</span> <span class='ocrx_word' id='word_1_228' title='bbox 852 3971 1015 4056; x_wconf 80' lang='lat' dir='ltr'>exiguum</span> <span class='ocrx_word' id='word_1_229' title='bbox 1047 3971 1115 4034; x_wconf 88' lang='lat' dir='ltr'>dici</span> <span class='ocrx_word' id='word_1_230' title='bbox 1146 3977 1272 4057; x_wconf 85' lang='lat' dir='ltr'>potest,</span> <span class='ocrx_word' id='word_1_231' title='bbox 1299 3969 1390 4054; x_wconf 86' lang='lat' dir='ltr'>quod</span> 
     </span>
     <span class='ocr_line' id='line_1_30' title="bbox 254 4093 1391 4179; baseline 0.002 -23"><span class='ocrx_word' id='word_1_232' title='bbox 254 4101 344 4158; x_wconf 85' lang='lat' dir='ltr'>certe</span> <span class='ocrx_word' id='word_1_233' title='bbox 364 4093 406 4159; x_wconf 90' lang='lat' dir='ltr'>ad</span> <span class='ocrx_word' id='word_1_234' title='bbox 426 4101 574 4158; x_wconf 88' lang='lat' dir='ltr'>vestram</span> <span class='ocrx_word' id='word_1_235' title='bbox 595 4094 800 4179; x_wconf 81' lang='lat' dir='ltr'>dignitatem</span> <span class='ocrx_word' id='word_1_236' title='bbox 821 4095 967 4159; x_wconf 86' lang='lat' dir='ltr'>relatum</span> <span class='ocrx_word' id='word_1_237' title='bbox 987 4096 1073 4160; x_wconf 88' lang='lat' dir='ltr'>nihil</span> <span class='ocrx_word' id='word_1_238' title='bbox 1091 4119 1162 4160; x_wconf 84' lang='lat' dir='ltr'>esse</span> <span class='ocrx_word' id='word_1_239' title='bbox 1182 4095 1322 4160; x_wconf 90' lang='lat' dir='ltr'>omuino</span> <span class='ocrx_word' id='word_1_240' title='bbox 1342 4094 1391 4159; x_wconf 84' lang='lat' dir='ltr'>vi-</span> 
     </span>
    </p>
   </div>
   <div class='ocr_carea' id='block_1_5' title="bbox 188 4217 1103 4300">
    <p class='ocr_par' dir='ltr' id='par_1_10' title="bbox 188 4217 1103 4300">
     <span class='ocr_line' id='line_1_31' title="bbox 188 4217 1103 4300; baseline 0.005 -21"><span class='ocrx_word' id='word_1_241' title='bbox 188 4217 232 4280; x_wconf 86' lang='lat'>30</span> <span class='ocrx_word' id='word_1_242' title='bbox 255 4218 367 4300; x_wconf 88' lang='lat' dir='ltr'>detur)</span> <span class='ocrx_word' id='word_1_243' title='bbox 386 4219 486 4284; x_wconf 85' lang='lat' dir='ltr'>vobis</span> <span class='ocrx_word' id='word_1_244' title='bbox 506 4219 732 4285; x_wconf 89' lang='lat' dir='ltr'>confidentius</span> <span class='ocrx_word' id='word_1_245' title='bbox 752 4220 906 4284; x_wconf 89' lang='lat' dir='ltr'>oblatum</span> <span class='ocrx_word' id='word_1_246' title='bbox 926 4245 996 4284; x_wconf 86' lang='lat' dir='ltr'>esse</span> <span class='ocrx_word' id='word_1_247' title='bbox 1017 4222 1103 4285; x_wconf 82' lang='lat' dir='ltr'>volo.</span> 
     </span>
    </p>
   </div>
   <div class='ocr_carea' id='block_1_6' title="bbox 293 4392 1092 4399">
    <p class='ocr_par' dir='ltr' id='par_1_11' title="bbox 293 4392 1092 4399">
     <span class='ocr_line' id='line_1_32' title="bbox 293 4392 1092 4399; baseline 0.001 -1"><span class='ocrx_word' id='word_1_248' title='bbox 293 4392 605 4399; x_wconf 57' lang='lat'>--———----.---</span> <span class='ocrx_word' id='word_1_249' title='bbox 614 4393 617 4396; x_wconf 47' lang='lat'><strong>⁴</strong></span> <span class='ocrx_word' id='word_1_250' title='bbox 625 4393 645 4397; x_wconf 88' lang='grc'>-.-</span> <span class='ocrx_word' id='word_1_251' title='bbox 695 4392 721 4398; x_wconf 65' lang='grc'>..,</span> <span class='ocrx_word' id='word_1_252' title='bbox 735 4393 893 4399; x_wconf 69' lang='lat'>...-—..—..-</span> <span class='ocrx_word' id='word_1_253' title='bbox 904 4393 926 4398; x_wconf 61' lang='grc'>»-</span> <span class='ocrx_word' id='word_1_254' title='bbox 936 4393 1092 4399; x_wconf 59' lang='grc'><em>,-.-.-.--</em></span> 
     </span>
    </p>
   </div>
   <div class='ocr_carea' id='block_1_7' title="bbox 345 4478 1259 4632">
    <p class='ocr_par' dir='ltr' id='par_1_12' title="bbox 345 4478 1259 4632">
     <span class='ocr_line' id='line_1_33' title="bbox 345 4478 1259 4540; baseline -0.004 -11"><span class='ocrx_word' id='word_1_255' title='bbox 345 4483 515 4540; x_wconf 72' lang='lat' dir='ltr'>4&lt;at&gt;auc</span> <span class='ocrx_word' id='word_1_256' title='bbox 577 4481 769 4531; x_wconf 82' lang='lat' dir='ltr'>6iniuriusP</span> <span class='ocrx_word' id='word_1_257' title='bbox 832 4480 1029 4530; x_wconf 73' lang='lat' dir='ltr'>lacoaeditP</span> <span class='ocrx_word' id='word_1_258' title='bbox 1092 4478 1259 4526; x_wconf 64' lang='lat' dir='ltr'>aaarohal’</span> 
     </span>
     <span class='ocr_line' id='line_1_34' title="bbox 386 4580 1232 4632; baseline -0.004 -11"><span class='ocrx_word' id='word_1_259' title='bbox 386 4585 461 4624; x_wconf 68' lang='lat' dir='ltr'>linum</span> <span class='ocrx_word' id='word_1_260' title='bbox 479 4583 533 4632; x_wconf 78' lang='lat' dir='ltr'>opp.</span> <span class='ocrx_word' id='word_1_261' title='bbox 546 4584 585 4620; x_wconf 82' lang='lat' dir='ltr'>lat.</span> <span class='ocrx_word' id='word_1_262' title='bbox 601 4580 634 4629; x_wconf 86' lang='lat'>11,</span> <span class='ocrx_word' id='word_1_263' title='bbox 651 4582 672 4619; x_wconf 75' lang='lat'>2.</span> <span class='ocrx_word' id='word_1_264' title='bbox 1205 4580 1232 4618; x_wconf 84' lang='lat'>30</span> 
     </span>
    </p>
   </div>
   <div class='ocr_carea' id='block_1_8' title="bbox 0 0 1712 5122">
    <p class='ocr_par' dir='ltr' id='par_1_13' title="bbox 0 0 1712 5122">
     <span class='ocr_line' id='line_1_35' title="bbox 0 0 1712 5122; baseline 0 0"><span class='ocrx_word' id='word_1_265' title='bbox 0 0 1712 5122; x_wconf 95' lang='lat' dir='ltr'> </span> 
     </span>
    </p>
   </div>
  </div>
 </body>
</html>
