3414 5122
241 358 300 418 286
670 373 809 418 insonui
831 373 933 416 envur

241 528 352 613 magis
370 535 422 593 est
441 527 636 593 absolutum
660 534 897 612 semotumque
919 528 963 594 ab
983 550 1022 592 eo
1041 527 1083 592 de
1103 549 1170 613 quo
1190 535 1257 613 est,
1277 549 1384 613 quam

241 652 285 716 ab
313 675 352 717 eo
372 651 462 737 quod
481 660 541 716 est.
562 652 677 716 Habet
696 653 826 738 speeies
850 661 933 736 tres,
958 676 1104 738 quarum
1128 653 1241 741 prima
1264 657 1317 716 est
1341 651 1384 715 de

244 798 310 861 quo
332 785 384 842 est
411 776 606 863 primitive,
626 777 872 864 principiative
900 801 960 844 seu
984 777 1177 844 derivative
1196 775 1386 841 secundum

244 925 332 984 esse;
354 902 503 966 secunda
522 902 563 967 de
587 923 654 988 quo
674 902 910 986 constitutive,
929 901 1286 986 consubstantialiter,
1308 922 1386 966 con·

199 1027 419 1105 bsistenter;
447 1027 550 1092 tertia
580 1027 622 1092 de
653 1049 721 1112 quo
751 1035 803 1092 est
831 1028 1036 1114 possessive,
1069 1026 1159 1112 quod
1188 1026 1386 1111 aequivalet
1468 1021 1470 1024 ’

243 1151 438 1236 6666611661
456 1150 567 1216 'cuius
586 1151 664 1235 est',
685 1174 789 1237 quam
808 1151 927 1219 liceret
957 1174 1128 1240 apponere
1157 1173 1222 1238 pro
1246 1151 1316 1216 alia
1335 1173 1386 1215 re-

242 1275 324 1361 gula
348 1274 390 1340 ad
410 1274 572 1340 dictionis
591 1275 840 1361 proprietatem
863 1276 1071 1379 respicienti.
1093 1275 1160 1340 Sed
1178 1282 1323 1362 propter
1342 1275 1387 1339 si-

243 1400 477 1465 militudinem
497 1422 600 1485 quam
619 1399 723 1465 habet
742 1399 826 1465 haec
849 1402 1004 1487 quaestio
1024 1402 1061 1466 in
1079 1401 1244 1466 idiomate
1274 1400 1388 1487 hispa-

244 1525 322 1590 nico
341 1533 375 1589 et
394 1524 525 1608 italice,
551 1525 676 1610 quibus
706 1526 951 1609 quaerentibus
981 1525 1171 1613 possessive
1191 1525 1243 1590 uti
1263 1524 1390 1590 accidit

182 1650 223 1714 10
244 1649 304 1715 illa
323 1650 496 1736 particula
513 1648 577 1714 'de
597 1649 720 1735 quien
738 1650 801 1715 es?
822 1650 868 1715 de
888 1651 952 1716 chi
971 1651 1029 1715 e?'
1051 1649 1199 1727 Quodsi
1219 1650 1274 1715 cui
1293 1649 1389 1714 vide-

246 1782 303 1839 tur
322 1775 429 1840 ardua
448 1774 532 1840 haec
551 1775 718 1856 reductio,
739 1775 826 1840 sciat
845 1775 960 1841 Lullio
984 1775 1152 1860 nobisque
1176 1797 1291 1840 secum
1319 1796 1390 1838 non

246 1923 318 1965 esse
349 1900 567 1986 colloquium.
598 1901 805 1988 Exemplum
834 1901 939 1988 primi
966 1901 1059 1967 modi
1087 1901 1227 1987 regulae
1258 1899 1303 1963 D:
1328 1897 1389 1962 'de

247 2047 315 2110 quo
338 2033 390 2090 est
413 2024 515 2090 homo
544 2025 762 2111 originaliter
791 2049 850 2092 seu
874 2027 1085 2092 initiativel'
1109 2027 1173 2093 Vel
1198 2024 1326 2091 dicitur
1345 2022 1387 2089 de

248 2148 340 2214 coelo
360 2157 394 2213 et
413 2148 454 2213 de
473 2149 544 2214 sole
566 2157 601 2215 et
623 2149 665 2214 de
687 2156 800 2237 patre,
821 2149 877 2215 vel
907 2151 949 2216 de
978 2150 1196 2237 praeiacente
1225 2149 1391 2232 materia,

184 2280 225 2344 lt
248 2273 302 2338 vel
326 2274 367 2339 de
390 2273 486 2340 nullo
510 2274 713 2354 intrinsece,
735 2282 829 2340 totus
850 2272 854 2352 l
874 2275 966 2340 enim
990 2275 1032 2339 de
1056 2275 1124 2339 alio
1149 2297 1220 2340 esse
1244 2273 1388 2339 minime
1412 2287 1439 2336 e
1460 2275 1515 2335 4‘

248 2405 372 2486 potest.
393 2399 550 2465 Secundo
568 2399 627 2464 ‘de
647 2422 713 2484 quo
733 2408 785 2464 est
804 2401 904 2467 hoino
921 2398 1181 2466 constitutive?’
1201 2400 1253 2464 De
1272 2399 1390 2464 anima

250 2532 284 2591 61
303 2547 456 2611 corpore,
477 2525 518 2589 (16
538 2525 716 2590 elementis
735 2532 770 2589 61
788 2525 953 2611 potentiis
977 2524 1201 2591 intellectivis
1231 2533 1266 2590 et
1285 2525 1390 2590 sensi·

250 2650 346 2733 tivis,
367 2673 426 2716 seu
445 2650 487 2715 de
506 2672 567 2715 666
586 2650 731 2715 materia
750 2656 785 2714 et
804 2649 845 2713 (16
864 2671 925 2714 666
943 2648 1064 2715 forma.
1085 2650 1179 2727 Quae
1198 2649 1319 2734 regula
1339 2671 1390 2714 se-

252 2775 370 2860 quitur
388 2799 459 2840 6666
479 2775 707 2858 initiativum,
728 2774 817 2839 sicut
836 2797 908 2839 esse
927 2774 968 2839 de
991 2774 1173 2861 principiis
1205 2773 1393 2839 materiali-

184 2911 229 2974 20
251 2900 315 2965 bus
342 2924 400 2965 seu
427 2900 586 2987 partibus
616 2900 772 2986 sequitur
796 2922 868 2965 esse
888 2900 1034 2984 agentis,
1054 2898 1245 2981 initiantis,
1265 2898 1393 2986 princi-

252 3026 390 3112 pia-ntis.
403 3025 519 3090 Tertio
532 3023 588 3088 ‘de
604 3047 671 3108 quo
687 3031 739 3089 661
750 3024 852 3090 homo
864 3025 1089 3111 possessive?
1103 3047 1162 3089 seu
1175 3024 1287 3090 ‘cuius
1303 3023 1396 3090 6611’“

254 3149 390 3214 Dicitur
419 3147 653 3235 metaphysice
682 3172 754 3215 esse
785 3149 866 3232 Dei,
887 3149 1142 3235 providentiae,
1168 3149 1234 3214 fati
1258 3151 1314 3215 vel
1344 3154 1396 3234 (ut

254 3272 468 3358 quorundam
488 3296 581 3339 more
600 3273 753 3358 loquare)
773 3274 947 3353 fortunam
966 3274 1108 3360 physic-e
1132 3298 1204 3341 esse
1235 3275 1355 3341 mundi
1375 3298 1395 3340 6

255 3420 321 3482 quo
338 3397 646 3483 circumscribitur,
664 3399 892 3479 substinetur,
905 3399 1075 3465 influxum
1091 3401 1231 3488 recipit,
1247 3409 1282 3466 et
1298 3401 1395 3466 cuius

187 3533 231 3598 Ξῖ)
255 3531 305 3588 661
335 3523 465 3603 166616;
490 3523 600 3588 ethice
624 3531 676 3589 est
700 3547 780 3589 6666
804 3524 1116 3610 concupiscentiae,
1138 3525 1329 3591 voluntatis
1349 3525 1398 3590 af-

253 3649 431 3734 fectusque
451 3648 524 3713 eius
543 3672 564 3713 a
582 3672 650 3734 quo
669 3658 819 3731 tenetur,
846 3650 901 3714 661
929 3657 963 3714 61
994 3650 1225 3737 mancipatum
1246 3649 1397 3715 civiliter

255 3773 514 3854 dominationis,
549 3774 695 3857 servitii,
716 3772 925 3858 relilgioniS,
950 3776 1101 3861 regulae,
1134 3775 1297 3841 instituti.
1328 3774 1396 3838 Re·
1422 3777 1533 3842 6⁹70

256 3899 416 3984 sponderi
446 3898 585 3964 tandem
613 3898 711 3963 iuxta
739 3898 937 3965 innumeras
967 3901 1112 3967 istorum
1143 3901 1272 3988 species
1295 3897 1397 3965 facile

347 4188 397 4237 de
414 4186 494 4237 esse?
506 4186 889 4238 secunda-consistenter?
903 4187 989 4236 tertia
1004 4186 1028 4237 G
1092 4188 1141 4239 8.9
1160 4187 1309 4253 hispanico
1319 4188 1393 4240 A³Gz

257 4265 423 4332 Hyspanico
441 4267 466 4315 Ρ
528 4269 544 4317 9
561 4267 767 4333 quaerentibus
784 4265 849 4317 Ao:
868 4267 1057 4331 querentibus
1078 4267 1104 4317 P
1167 4267 1199 4317 10
1215 4267 1282 4318 aare
1303 4268 1341 4318 (16
1360 4286 1397 4320 66-

256 4361 342 4410 pnarc
353 4363 408 4396 666
420 4347 520 4397 laeana
538 4345 649 4397 innanzi
665 4365 683 4396 a
700 4347 782 4408 Quod
848 4347 877 4396 15
894 4347 974 4396 nullo
991 4346 1149 4400 intrinsece
1165 4348 1240 4399 Affi:
1259 4349 1339 4399 nullo
1357 4353 1397 4401 iu·

260 4427 401 4480 trinsecus
419 4429 482 4479 PA:
498 4429 594 4494 aliquo
609 4428 785 4479 intrinsecus
801 4426 825 4477 G
888 4427 919 4477 25
935 4427 1221 4497 loquarel'110qucr
1236 4429 1287 4482 lo
