3414 5122
572 429 616 472 nn
638 429 793 473 [lausana
814 428 1073 474 conamnroam.
1334 412 1393 472 243

251 583 425 667 loquentis
440 583 479 647 in
495 582 558 648 hoo
573 605 699 668 genere
715 583 868 648 studium
881 583 1070 667 antecellit,
1089 592 1220 670 quanto
1236 584 1394 648 triticeae

252 730 376 772 messes
404 707 624 790 hordeaceae,
655 707 838 793 indiguum
863 708 1092 774 iudicavimus
1123 709 1291 795 hocopus
1319 716 1396 772 tan-

253 835 330 899 dem
351 834 395 899 ad
422 836 533 900 lucem
558 833 722 899 adversus
750 835 956 902 obruentum
976 835 1198 901 tenebrarum
1223 835 1396 899 reluctans

252 959 434 1044 invidiam,
457 957 621 1046 opprimi,
645 958 819 1043 frustrari,
852 961 1003 1048 depordi.
1024 959 1116 1026 Illud
1139 982 1221 1046 ergo
1241 959 1398 1024 adhibui-

207 1085 228 1146 5
252 1107 327 1149 mus
347 1083 517 1167 studium,
536 1091 576 1149 ut
594 1085 697 1171 plane
717 1085 960 1150 Cimmericum
979 1086 1247 1166 illustraremuS,
1267 1083 1396 1149 claudi-

252 1214 388 1273 cantem
407 1208 631 1294 erigeremus,
661 1215 843 1274 nutantem
867 1206 1154 1291 confortaremua
1186 1209 1357 1293 totiesque
1378 1231 1397 1274 a

251 1340 446 1420 temporum
466 1333 596 1398 iniuria
614 1334 726 1401 veluti
744 1340 953 1401 retroactum
974 1335 1018 1400 ad
1037 1334 1251 1422 propositam
1270 1340 1396 1399 metam

252 1460 526 1546 perduceremus.
547 1459 764 1526 Disertorum
781 1460 920 1526 interim
937 1461 1212 1527 humanistarum
1228 1479 1398 1545 gramma-

253 1584 459 1650 tistarumve
479 1585 695 1651 maiestatem
719 1585 922 1673 suppliciter
941 1585 1179 1673 deprecamur,
1209 1590 1249 1649 ut
1267 1604 1329 1669 pro
1348 1580 1397 1646 di·

190 1714 230 1777 10
253 1734 432 1778 versorum
462 1711 683 1798 ingeniorum
702 1711 875 1778 fructibus
906 1711 1146 1798 comparandis
1175 1709 1317 1799 pacifice
1335 1731 1397 1774 nos

253 1836 476 1924 permittant,
496 1836 535 1901 in
564 1836 715 1923 propriis
737 1836 907 1903 versando
936 1837 1108 1919 terminis,
1139 1835 1251 1922 magis
1281 1857 1398 1900 veram

252 1968 413 2046 certeque
434 1960 602 2048 optimam
622 1960 913 2048 ipsissimamque,
935 1984 1037 2047 quam
1055 1968 1227 2044 ornatam,
1244 1960 1398 2026 fucatam

252 2094 288 2151 et
307 2095 399 2151 certe
417 2087 572 2169 inanem,
593 2093 697 2171 atque
717 2086 753 2150 in
774 2085 837 2152 hoo
853 2087 1030 2173 proposito
1047 2086 1270 2151 vanissimam
1284 2108 1397 2172 perse-

254 2211 312 2295 qui
341 2211 506 2296 loquendi
541 2211 742 2290 formulam
775 2209 929 2295 illudque
960 2211 1002 2294 (si
1032 2210 1106 2277 falli
1137 2211 1262 2293 nolint)
1296 2209 1396 2275 nobis

188 2347 229 2411 15
252 2336 409 2418 credant,
431 2337 523 2423 quod
546 2345 718 2423 quantum
737 2358 798 2401 suo
817 2337 860 2419 (si
879 2336 956 2402 Diis
979 2336 1104 2423 placet)
1124 2334 1238 2401 Tullio
1262 2334 1397 2400 consul-

253 2469 327 2528 tum
347 2469 450 2547 esset,
481 2485 501 2528 a
532 2463 694 2529 civilibus
727 2462 838 2528 causis
861 2467 984 2527 ornata
1012 2482 1089 2527 cum
1118 2461 1341 2548 persuasione
1360 2468 1395 2526 et

254 2587 366 2654 aulica
402 2586 600 2672 forensique
634 2587 770 2654 cultura
806 2586 1054 2668 eventilandis,
1092 2585 1135 2652 ad
1170 2585 1395 2651 intentandae

255 2713 360 2777 serias
390 2712 680 2799 dignissimasque
710 2734 828 2778 rerum
848 2711 1111 2798 speculationes,
1143 2710 1187 2775 ad
1210 2711 1399 2799 principio-

255 2860 331 2903 rum
350 2837 585 2903 essentialium
618 2837 861 2925 proprietates,
884 2836 934 2901 ita
962 2844 1003 2902 ut
1023 2835 1144 2900 melius
1167 2835 1240 2900 fieri
1268 2842 1396 2922 potest,

188 2969 233 3032 20
253 2962 393 3049 proprie
423 2962 646 3049 explicandas
676 2961 859 3042 inclinare,
892 2969 1029 3027 tantum
1059 2967 1151 3026 certe
1181 2982 1304 3047 operae
1323 2984 1400 3048 pre-

258 3088 348 3152 cium
379 3095 468 3153 esset
495 3088 539 3153 ab
562 3110 601 3151 ea
625 3087 674 3170 (iu
694 3109 761 3172 qua
780 3093 852 3152 tam
874 3087 878 3174 Ι
900 3085 1106 3151 mirabiliter
1135 3085 1194 3150 ille
1223 3086 1396 3169 excelluit)
1420 3090 1449 3150 b
1469 3089 1520 3151 2²*

257 3213 454 3298 eloquentia
482 3211 675 3294 deflectere,
695 3210 982 3295 quemadmodum
1006 3218 1040 3274 et
1064 3218 1195 3295 quanto
1224 3210 1396 3297 sapientia

257 3339 426 3425 gravioris
460 3344 637 3402 matronae
664 3336 838 3423 specimen
872 3336 971 3401 edere
1004 3336 1119 3419 debet,
1144 3342 1243 3401 tanto
1277 3359 1297 3400 a
1328 3335 1400 3400 oin-

258 3462 406 3529 cinnulis
434 3462 626 3550 puellarum
657 3461 895 3548 compictoque
926 3460 1144 3526 meretricum
1174 3462 1271 3526 cultu
1294 3460 1400 3525 distet

190 3592 234 3654 25
257 3595 402 3674 oportet.

347 3715 524 3780 Novarum
543 3714 776 3780 intentionum
795 3718 1004 3800 repertorem
1023 3712 1206 3797 antiquam
1239 3714 1400 3798 persequi

260 3839 426 3905 sermonis
445 3839 604 3924 formam,
633 3863 711 3906 rara
741 3847 775 3904 et
805 3838 963 3904 inaudita
982 3837 1186 3923 vulgaribus
1212 3839 1399 3903 consuetis·

260 3985 326 4048 que
345 3963 556 4030 dictionibus
574 3965 612 4030 in
631 3963 837 4051 quibusdam
860 3962 1049 4050 propositis
1069 3963 1215 4048 aperire,
1235 3962 1286 4026 nil
1305 3961 1400 4027 aliud

259 4095 311 4154 est
329 4096 570 4177 praeterquam
597 4098 638 4156 ut
655 4090 815 4156 manibus
839 4088 1080 4176 impalpabilia
1104 4093 1326 4153 contrectare.
1347 4087 1402 4151 Sit

352 4319 786 4387 lloquentieAG:loquetisP
848 4320 1110 4371 30bruentiumG
1175 4320 1205 4368 15
1222 4319 1316 4369 Tullio
1335 4319 1398 4369 AG:

261 4401 386 4451 'l'ulioP
448 4401 527 4452 aaut
545 4400 691 4465 praecium
706 4399 928 4468 P2pretium0
992 4398 1240 4465 22sapientiaeG
1303 4400 1403 4449 231na·

260 4487 344 4532 trena
363 4480 386 4532 G
449 4481 481 4532 29
496 4487 706 4548 praeterquam]
721 4479 750 4530 in
762 4496 849 4547 mar-9.
866 4495 952 4547 quam
969 4479 1056 4530 ΑΔΗ
