3414 5122
571 414 616 459 rm
635 413 792 459 nunnius
812 415 1068 461 consummem.
1331 398 1391 456 325

252 571 445 659 gnitionem
469 569 600 652 eadem,
620 571 757 658 qualem
784 570 820 636 in
852 571 1104 638 mathematicis
1134 571 1289 637 ordinem
1319 592 1391 635 esse

254 698 434 784 vulgatum
453 697 536 762 satis
555 703 619 779 est;
639 697 765 784 triplex
785 720 855 763 non
874 696 948 763 sine
967 720 1068 763 causa
1088 694 1392 763 demonstrationis
1410 695 1414 705 '

252 844 362 907 genus
381 845 401 887 a
418 821 624 908 quibusdam
645 821 885 909 Peripateticis
904 821 1078 889 Arabibus
1094 820 1288 904 adducitur,
1306 822 1395 887 sim·

253 947 421 1034 pliciter
448 946 611 1013 videlicet
630 970 690 1012 seu
709 970 830 1013 causae
854 947 1078 1034 generaliter,
1098 954 1268 1035 propter
1296 947 1394 1032 quid

209 1078 313 1139 bscu
346 1095 467 1139 causae
497 1071 645 1155 essendi,
670 1079 704 1137 et
728 1073 822 1158 quia
852 1096 912 1138 seu
940 1095 1061 1138 causae
1086 1071 1313 1160 cognoscendi
1339 1073 1394 1138 vel

253 1197 354 1284 signi.
375 1199 380 1283 Ι
402 1196 739 1263 Demonstrationem
758 1198 961 1285 simpliciter
977 1197 1159 1280 definiunt,
1180 1221 1267 1284 quae
1284 1207 1393 1263 estex
1418 1201 1525 1264 '700

253 1323 425 1409 prioribus
442 1322 552 1389 causis
568 1328 673 1409 atque
689 1322 885 1410 principiis,
904 1346 925 1388 a
946 1323 1069 1408 quibus
1087 1323 1208 1389 iisdem
1228 1346 1281 1389 res
1300 1323 1339 1387 fit
1359 1329 1394 1388 et

253 1448 365 1536 primo
381 1449 614 1535 cognoscitur,
635 1455 675 1513 ut
693 1456 856 1535 punctae,
880 1448 972 1514 linea
991 1456 1025 1514 et
1045 1449 1192 1537 angulus
1212 1472 1247 1515 se
1264 1449 1394 1515 habent

254 1574 298 1639 ad
311 1573 454 1661 figuras;
468 1573 797 1640 demonstrationem
816 1574 906 1661 signi
921 1574 1049 1659 dicunt,
1069 1597 1157 1661 quae
1169 1598 1209 1640 ex
1222 1575 1395 1662 prioribus

190 1710 232 1772 10
254 1699 421 1765 eiusmodi
439 1698 583 1781 incedit,
604 1699 729 1785 quibus
747 1720 801 1764 res
822 1699 825 1787 l
847 1701 1005 1786 cognosci
1026 1707 1162 1767 tantum
1183 1701 1293 1787 primo
1311 1700 1396 1765 inci·
1417 1704 1452 1766 h
1470 1703 1523 1767 2⁹

252 1825 323 1912 pit3
351 1825 678 1890 demonstrationem
707 1845 788 1889 vero
817 1832 957 1912 propter
989 1824 1085 1910 quid,
1116 1847 1203 1911 quae
1222 1848 1263 1890 ex
1283 1826 1394 1890 causis

253 1948 386 2016 essendi
410 1972 429 2014 a
449 1973 549 2015 sensu
579 1950 781 2036 rationeque
810 1950 1052 2016 remotioribus
1078 1949 1123 2015 ad
1149 1950 1263 2038 ipsum
1295 1949 1395 2015 ellec-

252 2082 327 2141 tum
352 2073 522 2141 discurrit.
554 2074 769 2140 Divisionem
799 2075 888 2140 hanc
915 2082 1090 2162 tamquam
1119 2075 1157 2141 in
1180 2097 1241 2141 suo
1269 2097 1395 2163 genere

252 2201 363 2288 magis
379 2200 604 2267 sufficientem
624 2200 821 2288 probamus,
847 2203 1070 2287 quantumvis
1086 2224 1161 2267 earn
1181 2200 1305 2267 Graeci
1321 2223 1392 2266 nou

190 2336 230 2398 15
253 2326 436 2413 attigerint
455 2333 748 2411 commentatores,
761 2334 796 2392 et
808 2325 1012 2393 Aristoteles
1028 2349 1097 2393 non
1111 2335 1247 2394 tantum
1260 2350 1394 2415 expres-

255 2451 339 2518 serit
362 2457 530 2537 quuntum
554 2451 795 2537 ignorantibus
819 2459 853 2517 et
877 2452 1099 2518 crassioribus
1123 2453 1206 2518 satis
1230 2461 1318 2518 esset
1338 2453 1393 2518 in·

254 2576 376 2663 geniis.

733 2836 775 2876 111.
791 2836 925 2877 Membrum.

344 3091 435 3155 Huic
463 3090 593 3177 triplici
626 3087 929 3156 demonstrationis
958 3087 1088 3174 generi,
1110 3085 1201 3171 quod
1224 3084 1394 3152 eduobus

188 3232 232 3294 20
254 3216 447 3304 prioritatis
467 3240 604 3303 unoque
623 3215 889 3304 posterioritatis
909 3213 1017 3279 modis
1044 3211 1212 3297 integrari
1239 3210 1394 3295 videtur,

257 3349 400 3429 quartus
420 3366 440 3409 a
459 3343 560 3408 nobis
579 3341 699 3408 modus
718 3341 777 3406 ille
796 3340 971 3423 adiicitur,
991 3360 1092 3425 quem
1123 3362 1165 3403 ex
1195 3336 1396 3425 aequalibus

257 3490 316 3534 seu
336 3469 558 3553 coaequaevis
577 3467 690 3534 dicere
713 3489 840 3554 posses,
861 3472 981 3553 utpote
1005 3465 1066 3551 qui
1090 3470 1207 3529 estex
1236 3463 1280 3528 iis
1310 3485 1397 3549 quae

256 3618 320 3660 nec
348 3595 541 3660 subiectum
561 3593 770 3659 antecedunt
792 3615 903 3678 neque
923 3591 1193 3677 subsequuntur,
1222 3589 1281 3654 sed
1310 3611 1399 3655 corn·

257 3728 453 3806 portantur,
481 3742 626 3804 cumque
650 3740 689 3783 eo
713 3717 825 3805 posito
849 3715 1039 3782 necessario
1067 3721 1247 3801 ponuntur
1271 3713 1399 3801 ipsum·

191 3857 233 3919 25
258 3869 323 3930 quc
343 3845 522 3909 definiunt.
543 3844 617 3908 Hoc
641 3844 754 3931 ipsum
774 3840 1076 3907 deruonstrationis
1095 3862 1204 3925 genus
1223 3845 1275 3904 est
1298 3861 1397 3926 pecu-

256 3971 342 4036 liare
367 3969 494 4048 Lulli0,
515 3977 635 4055 estque
666 3968 896 4034 certissimum
926 3966 1018 4051 quod
1046 3987 1108 4052 pro
1139 3964 1397 4030 confirmatione

257 4093 447 4182 praedicati
465 4093 507 4159 de
524 4094 641 4179 aliquo
661 4093 816 4159 subiecto
835 4091 944 4178 possit
963 4090 1091 4156 haberi.
1111 4090 1230 4176 Ipsum
1248 4089 1397 4177 explica·

258 4219 311 4284 vit
329 4241 390 4306 per
409 4241 507 4284 suum
528 4218 649 4302 ivum,
671 4217 779 4285 abile
807 4223 842 4282 et
869 4238 944 4282 are.

352 4496 369 4545 8
384 4499 524 4562 punctum
538 4493 562 4545 G
626 4491 656 4544 13
672 4496 809 4559 tanquam
823 4489 874 4540 Ao
