3414 5122
687 430 834 476 s1c1nnvs
855 431 1065 477 sremaouvn.
1389 417 1445 477 187

304 590 508 677 experimur.
530 589 604 670 Quo
622 590 727 657 etiam
745 592 923 679 pauciores
942 614 1061 658 seusus
1085 593 1123 658 iu
1150 614 1202 676 eo,
1235 592 1295 678 qui
1325 614 1443 658 eorum

303 723 429 782 natura
446 717 621 805 particeps
638 740 710 785 esse
728 718 941 807 perhibetur,
961 742 1000 786 eo
1020 720 1241 807 pollentiores
1260 741 1334 784 esse
1359 741 1448 784 com-

304 843 495 929 periuntur.
523 845 617 912 Hinc
646 846 863 912 Democritus
896 853 1047 913 mentem
1074 870 1094 913 6
1118 847 1274 913 sensibus
1302 870 1446 914 avocare

303 971 517 1058 percupiens,
534 971 602 1039 sibi
618 972 741 1056 oculos,
758 996 778 1039 6
795 972 920 1059 quibus
936 972 1221 1060 impedimentum
1236 974 1446 1061 patiebatur,

259 1100 280 1162 b
304 1099 434 1177 effodit.
454 1099 534 1166 Non
553 1099 664 1166 solum
682 1105 797 1166 autem
816 1099 854 1166 in
871 1099 1091 1187 paucioribus
1115 1101 1272 1168 sensibus
1291 1103 1442 1169 efficacia

303 1225 413 1291 maior
442 1231 495 1291 est
518 1225 746 1312 inspicienda,
777 1225 877 1311 quasi
905 1247 966 1312 per
997 1249 1180 1293 nnmerum
1212 1228 1447 1295 contractione

302 1350 408 1434 facta,
425 1374 546 1418 verum
564 1350 670 1417 etiam
686 1358 721 1417 et
741 1349 848 1416 veluti
866 1373 928 1438 per
946 1351 1199 1439 magnitudinis
1217 1352 1444 1420 arctationem

302 1475 429 1542 accidit
459 1476 606 1543 eundem
636 1497 773 1543 sensum
804 1474 926 1542 maiori
956 1499 1028 1542 esse
1058 1476 1209 1544 efficacia
1238 1478 1446 1565 praeditum.

302 1601 345 1666 In
356 1600 517 1688 plurimis
529 1601 621 1668 enim
634 1601 877 1668 inducentibus
888 1607 995 1689 patet,
1008 1602 1294 1688 quemadmodum
1313 1626 1445 1690 sensus,

239 1733 279 1795 10
303 1748 370 1812 quo
388 1728 501 1816 magis
521 1736 573 1794 est
592 1737 774 1815 angustus,
796 1749 835 1795 eo
853 1728 1091 1816 perspicacior.
1112 1729 1212 1797 Unde
1229 1753 1249 1796 a
1265 1730 1444 1799 debilitate

301 1861 416 1920 motus
435 1855 478 1920 ab
499 1855 633 1922 obiecto
652 1862 687 1920 et
706 1854 887 1921 debilitate
908 1878 1027 1922 sensns
1050 1857 1093 1922 ab
1113 1878 1243 1943 organo
1263 1857 1307 1923 ad
1326 1858 1443 1925 oculos

300 1980 583 2068 perstringendos
595 1980 845 2068 compellimur,
857 1987 896 2046 ut
907 1981 1061 2068 pupillae
1077 1982 1185 2048 6616111
1202 1983 1445 2050 contrahamus

302 2105 339 2172 in
358 2112 555 2193 angustum.
576 2107 679 2172 Mitto
699 2106 790 2192 qnod
813 2107 950 2192 aquilae
979 2106 1093 2191 nobis,
1114 2117 1289 2220 serpentes
1317 2110 1442 2197 aquilis

303 2233 438 2299 acutius
458 2233 648 2299 intuentur.

1470 2432 1570 2496 66ν

654 2512 688 2551 De
703 2511 823 2551 undecima
835 2509 999 2550 contractionis
1012 2511 1096 2560 specle.
1338 2507 1342 2513 '
1472 2512 1542 2585 51,
1547 2523 1580 2586 5

390 2715 443 2780 45.
472 2713 537 2780 His
577 2713 716 2779 accedat
756 2713 950 2782 miseranda
985 2715 1153 2802 quaedam
1192 2716 1440 2783 contractionis

301 2840 445 2928 species,
467 2863 571 2927 quam
595 2840 632 2906 in
650 2840 806 2926 rudibus,
836 2841 970 2929 spurcis
999 2848 1033 2907 et
1052 2842 1348 2930 hypocrituncnlis
1367 2845 1445 2932 qui·

300 2967 445 3033 busdam
465 2966 630 3055 compleri
659 2966 902 3054 conspicimus,
931 2989 1079 3053 quorum
1109 2968 1249 3055 quidam
1268 2969 1346 3057 plus
1366 2978 1441 3037 atra

300 3100 335 3160 et
354 3115 480 3177 crassa,
501 3114 605 3178 quam
631 3098 793 3159 naturam
811 3093 943 3179 deceat,
965 3093 1035 3160 bile
1062 3094 1259 3161 laborantes
1278 3119 1441 3164 venereas

233 3225 278 3289 20
300 3217 486 3304 foedasque
521 3223 664 3305 captant
696 3219 906 3305 voluptates,
941 3218 1001 3285 6111
1035 3217 1153 3285 futiles
1184 3226 1218 3285 et
1252 3220 1443 3307 pecudinas

299 3346 465 3432 quasdam
485 3345 711 3411 revelationes
731 3350 959 3431 ancnpantur,
980 3367 1068 3430 qnae
1087 3368 1106 3410 e
1129 3344 1291 3432 porcinae
1310 3369 1443 3414 eornm·

298 3472 376 3537 dem
395 3469 600 3558 phantasiae
622 3469 885 3558 perturbatione
908 3469 1185 3556 proficiscuntur;
1217 3493 1305 3557 quae
1325 3474 1442 3541 omnia

300 3595 471 3682 quomodo
485 3603 751 3682 prosequantur,
768 3595 798 3661 ei
816 3594 892 3681 quis
908 3617 1007 3661 nosse
1024 3595 1208 3680 desiderat,
1227 3597 1381 3665 animum
1398 3599 1441 3665 ad

299 3721 383 3787 haec
402 3744 490 3807 quae
509 3720 755 3788 subinferimus
774 3720 942 3787 advertat.

234 3852 277 3915 25
389 3848 443 3912 Ex
462 3847 526 3913 hoo
549 3847 748 3914 bestialium
770 3847 949 3913 hominum
976 3869 1101 3934 genere
1121 3855 1215 3934 sunt,
1237 3849 1297 3934 qui
1327 3850 1441 3916 erudis

300 3971 477 4058 acutisque
510 3971 626 4038 herbis
662 3981 874 4057 ventosoque
908 3972 1000 4059 pasti
1032 3972 1208 4059 legumine
1241 3976 1440 4062 excoctique

299 4095 445 4164 infantis
474 4097 575 4185 adipe
593 4097 767 4185 peruncti,
796 4120 943 4184 moxque
970 4097 1146 4164 adnectis
1166 4099 1343 4166 silentium
1362 4109 1441 4167 abre

390 4419 458 4469 lin
478 4419 508 4470 in
531 4435 565 4471 eo
586 4419 613 4471 P
682 4419 819 4473 Sendem
841 4420 868 4472 P
935 4420 1011 4472 9111
1032 4438 1081 4472 om.
1106 4422 1131 4473 G
1203 4424 1234 4474 16
1257 4424 1391 4476 aecaedat
1412 4424 1439 4473 P

296 4498 329 4548 20
344 4499 628 4568 pecudinas1n'cl'0
690 4502 720 4552 21
731 4503 758 4566 s.
772 4501 989 4554 relevationes!
1051 4504 1082 4555 27
1098 4503 1158 4555 acri
1173 4503 1198 4553 P
