3414 5122
260 400 318 458 332
589 415 591 419 ’
700 414 838 459 tonnam
859 413 961 458 imvm

378 568 470 628 Nullo
488 569 599 647 quippe
615 568 674 628 alio
693 569 790 630 vincis
808 568 995 641 discrimine,
1013 588 1102 644 quam
1116 566 1197 643 quod

377 676 428 734 Illi
445 697 644 736 marmoreum
662 687 753 756 eaput
770 685 829 754 est,
844 688 901 736 tua
918 675 996 736 vivit
1013 675 1114 752 imago
1128 712 1165 721 —

259 892 343 957 illud
370 891 499 978 optime
519 891 654 973 cavisti,
678 889 939 977 generosissime
970 886 1221 970 admodumque
1251 908 1392 970 magna·
1423 887 1545 950 604

258 1019 350 1083 nime
370 1019 529 1099 Domine,
551 1041 593 1083 ne
612 1018 683 1083 solo
703 1015 910 1081 hereditario
930 1015 1099 1080 maiorum
1124 1023 1261 1079 tuorum
1281 1013 1395 1100 splen·

213 1145 233 1203 5
256 1145 481 1227 domolenus,
502 1145 617 1209 minus
636 1140 797 1231 propria,
810 1143 846 1206 in
866 1149 900 1206 te
920 1148 1039 1206 exorta
1058 1148 1092 1205 et
1111 1164 1131 1204 a
1151 1139 1279 1225 teipso
1301 1159 1393 1204 com-

257 1280 377 1356 parata
408 1271 518 1336 omnis
538 1270 673 1357 generis
703 1269 859 1333 claritate
883 1274 936 1332 tot
965 1266 1160 1332 rationibus
1191 1266 1395 1330 enitesceres

256 1404 358 1480 atque
377 1395 544 1476 numeris
567 1404 650 1480 quot
677 1403 767 1458 certe
787 1401 860 1458 turn
881 1393 885 1479 Ι
906 1392 988 1477 quia
1012 1391 1187 1456 manifesti
1207 1399 1299 1474 sunt,
1320 1401 1395 1455 tum
1423 1413 1456 1461 a
1477 1400 1537 1462 3»

255 1523 336 1607 quia
363 1523 508 1587 maiores
539 1544 641 1606 quam
672 1519 752 1585 huic
785 1521 858 1586 loco
886 1526 1097 1603 congruente
1127 1517 1327 1603 compendio
1361 1526 1396 1581 et

254 1647 420 1713 orationis
443 1648 533 1733 stylo
558 1646 699 1711 tractari
730 1645 864 1731 possint
896 1654 999 1730 atque
1028 1644 1189 1726 debeant,
1221 1666 1395 1707 recensere

191 1787 232 1847 10
253 1775 537 1861 praetermittam.
569 1775 620 1839 Ea
651 1773 726 1860 ipsa
757 1780 838 1838 sunt
867 1773 904 1837 in
936 1794 1049 1850 eausa,
1075 1781 1114 1836 ut
1140 1794 1216 1836 oum
1244 1770 1395 1856 principi

254 1899 333 1964 huie
357 1899 516 1965 Lulliano
547 1899 688 1984 ingenio
716 1898 868 1982 meisque
892 1897 982 1962 circa
1010 1896 1155 1961 eundem
1187 1894 1311 1959 studiis
1335 1918 1394 1980 pa-

253 2036 408 2108 tronum,
430 2026 489 2111 qni
509 2032 583 2090 tum
602 2025 731 2090 iudicio
749 2033 821 2089 tum
838 2024 1049 2090 authoritate
1065 2022 1223 2109 polleret,
1242 2020 1396 2108 explora·

253 2175 338 2232 rem,
369 2174 476 2236 usque
504 2150 588 2216 adeo
617 2150 761 2215 illustris
791 2150 1004 2214 Excellentia
1031 2149 1209 2235 potissime
1238 2147 1394 2212 omnium

252 2277 446 2363 exoptanda
475 2277 547 2341 visa
568 2285 634 2358 eet,
655 2284 694 2340 ut
725 2276 821 2340 cuius
843 2264 1038 2361 patrocinio
1068 2274 1226 2339 sublimis
1250 2273 1392 2338 huiusce

189 2411 228 2472 m
252 2403 336 2467 artis
355 2401 470 2466 studia
490 2402 752 2481 committerem,
774 2425 816 2465 ne
836 2400 924 2465 forte
944 2400 1094 2486 cuipiam
1113 2399 1216 2465 surdo
1237 2400 1391 2464 fabulam

252 2551 404 2611 narrare,
436 2549 534 2591 caeco
564 2526 740 2612 speculum
770 2534 1004 2612 praesentare,
1036 2525 1090 2591 vel
1118 2525 1269 2590 Thersiti
1293 2525 1391 2589 ducis

252 2653 398 2717 Achillis
428 2675 525 2717 arma
554 2651 676 2716 offerre
706 2651 928 2737 conspicerer¹
951 2652 1005 2715 Ad
1024 2651 1199 2716 heroicum
1230 2674 1312 2736 argo
1330 2674 1388 2735 ge-

251 2777 344 2841 nium
366 2785 399 2841 et
417 2777 595 2862 ingenium
616 2785 728 2841 vester
744 2777 800 2840 hie
816 2786 1015 2861 vestrasque
1031 2776 1165 2841 Lullius
1185 2776 1390 2859 confugiens

250 2901 295 2965 ita
319 2912 328 2978 l
333 2902 415 2967 mihi
437 2911 527 2966 certe
547 2903 745 2988 persuadeo)
766 2903 986 2989 suscipietur,
1011 2901 1299 2986 quemadmodum
1319 2902 1386 2987 ipsi

184 3038 228 3095 'hl
251 3027 293 3090 ad
318 3034 449 3091 vestros
485 3036 650 3112 tanquam
685 3027 727 3092 ad
757 3028 914 3114 proprios
949 3028 1036 3093 lares
1065 3028 1225 3092 hilariore
1260 3028 1385 3114 spiritu

250 3153 397 3234 contigit
418 3152 616 3233 adventar·e;
638 3155 697 3218 uhi
722 3176 792 3218 non
817 3155 929 3218 minus
960 3162 1173 3240 compertum
1194 3176 1267 3217 esse
1288 3152 1388 3217 video

250 3303 304 3342 mc
338 3303 440 3365 super
478 3280 570 3345 illius
607 3280 886 3346 adinventionem
926 3281 1146 3346 excolendam
1181 3281 1385 3364 elaborasse,

250 3405 345 3468 euius
383 3404 635 3489 intelligentiae
672 3407 891 3472 divinitatem
927 3408 1051 3473 summi
1084 3407 1384 3495 philolsophorum
1412 3422 1443 3470 a
1466 3411 1525 3472 3*

250 3531 436 3617 principes,
457 3540 496 3596 ut
524 3533 605 3597 olirn
634 3556 856 3614 consuevere,
887 3535 989 3599 itaet
1017 3536 1248 3622 inposterum
1278 3537 1384 3600 admi-

182 3668 224 3728 95
248 3661 331 3740 ruri,
352 3661 509 3745 persequi
530 3673 563 3723 et
584 3661 711 3725 imitari
731 3672 896 3748 perpetuo
917 3664 1108 3746 debebunt,
1128 3687 1147 3727 a
1168 3687 1235 3749 quo
1256 3674 1385 3748 quamto

248 3784 419 3850 diviniora
439 3798 542 3870 atque
561 3786 800 3872 prol'umliora,
823 3800 919 3853 tanto
944 3789 1165 3875 paucioribus
1184 3794 1303 3876 pervia
1323 3792 1384 3855 mi·

247 3936 378 3996 nusque
414 3925 496 3978 uota
532 3916 688 4000 ingenia,
719 3917 975 4000 mysteriorum,
1009 3941 1096 4001 quae
1127 3919 1163 3982 in
1197 3920 1384 4005 multiplici

247 4039 422 4103 doetrinae
443 4047 596 4104 torrente
620 4041 838 4121 delitescunt,
859 4044 972 4107 fontes
997 4043 1149 4109 hausisse
1168 4046 1333 4110 fatentur.
1352 4047 1385 4110 A

336 4333 386 4383 23
410 4334 513 4396 imago.
531 4337 534 4397 1
551 4333 625 4382 lllud
650 4333 699 4384 Pe
779 4337 795 4383 8
818 4349 902 4398 (pram
929 4342 987 4392 (ut)
1012 4334 1079 4384 huia
1100 4336 1243 4386 erirendauo
1269 4338 1382 4388 Ariste

245 4413 331 4461 rosa
349 4420 452 4470 (certe)
471 4414 663 4478 1111111111ΐῆὶο
713 4415 742 4463 12
755 4417 912 4464 autoritate
927 4415 977 4465 AG
1024 4416 1052 4466 14
1068 4416 1168 4466 huisce
1181 4417 1205 4465 Ρ
1253 4419 1290 4467 15.
1304 4420 1333 4466 lo
1347 4419 1382 4481 ef.

244 4493 343 4542 Horat.
355 4491 442 4557 Epist.
454 4498 478 4553 2,
493 4498 512 4556 1,
526 4496 572 4542 199
581 4511 619 4557 aq.
666 4495 697 4544 28
709 4496 837 4544 hausisse
848 4494 912 4545 AG:
924 4495 1058 4546 hausisse
1068 4496 1101 4560 P,
1112 4500 1147 4562 es.
1157 4513 1243 4561 repra
1249 4514 1278 4561 p.
1291 4500 1354 4559 234,
1366 4502 1382 4546 9
