3414 5122
304 377 362 436 104
744 390 884 436 rounam
905 391 1008 436 nnvru

304 549 425 632 altere,
447 549 575 632 sedern,
596 548 752 634 brutum,
771 547 979 634 foeminam,
999 571 1074 633 vas,
1095 546 1358 633 offendiculum,
1375 548 1447 614 obi-

305 698 391 758 cem,
412 681 614 762 caeteraque
633 674 759 761 quibus
778 674 947 761 appositis
966 673 1057 741 idem
1078 673 1170 761 quod
1190 674 1342 740 animata
1363 673 1448 739 desi-

304 807 430 887 gnant,
451 799 740 887 consignificetur.
761 798 860 865 Adde
884 798 1120 887 adoptimum
1143 823 1244 866 usum
1268 800 1341 866 sive
1360 799 1448 866 radi-

305 900 432 992 calium
460 932 685 1015 punctorum,
712 925 786 990 sive
815 925 971 1012 plurium
1002 931 1216 992 caeterorum
1236 925 1446 1011 huiusmodi,

260 1057 281 1121 b
304 1051 408 1118 istam
426 1049 691 1119 subsistentium
710 1050 959 1117 elementorum
979 1073 1056 1116 cum
1081 1051 1351 1118 subsistentibus
1370 1051 1449 1119 aliis

304 1176 483 1242 elementis
502 1176 804 1243 combinationem.
826 1175 1100 1244 Instituebamus
1124 1178 1217 1244 enim
1241 1177 1339 1243 iuxta
1359 1177 1450 1244 radi·

249 1365 250 1368 ,
305 1303 430 1369 oalium
459 1301 710 1389 significatores
740 1301 892 1388 quinque
922 1302 1166 1369 adsistentium
1195 1325 1336 1390 genera,
1363 1325 1450 1389 quae

305 1428 360 1495 vel
378 1428 421 1493 25
441 1425 688 1493 differentiales
707 1426 775 1492 sibi
796 1426 925 1514 species
944 1426 1188 1512 adsciscerent,
1214 1430 1268 1495 vel
1291 1429 1334 1494 de
1350 1429 1449 1515 quin·

306 1577 372 1640 que
388 1553 542 1620 materiis
555 1553 598 1618 25
610 1552 737 1618 formas
758 1553 951 1619 educerent.
971 1554 1150 1620 Extabant
1166 1553 1274 1641 igitur
1290 1554 1448 1620 absoluta

241 1691 283 1755 10
306 1680 459 1768 quinque
474 1678 637 1764 AEIOV,
651 1701 738 1765 quae
754 1678 888 1745 modica
904 1679 1101 1746 differentia
1113 1702 1148 1745 se
1163 1702 1290 1765 magua
1305 1679 1449 1768 prodere

306 1813 469 1896 poterant
487 1814 547 1872 aut
570 1827 695 1894 parva;
720 1804 933 1892 subindeque
958 1806 1002 1871 ad
1029 1805 1177 1895 duplicis
1208 1806 1450 1892 consequentis

307 1931 569 2020 punctuationis
607 1931 860 2019 expressionem
893 1931 1028 1997 duobus
1064 1931 1143 1998 aliis
1176 1931 1450 1998 adnectebantur

308 2057 445 2144 singula
466 2062 678 2123 caeterorum
702 2062 881 2142 quattuor,
906 2056 995 2122 sicut
1018 2057 1141 2124 iisdem
1165 2056 1198 2121 A
1220 2058 1370 2146 primum
1391 2057 1450 2123 ad·

308 2206 435 2249 nexum
453 2183 559 2248 vides.

464 2392 540 2457 Aea
644 2352 725 2455 'Aea
837 2389 904 2455 Aia
1027 2390 1102 2455 Aoa
1215 2389 1294 2455 Aua
1475 2391 1558 2455 15ν

464 2516 537 2582 Aae
650 2514 722 2580 Aee
839 2516 904 2581 Aie
1033 2515 1106 2580 Ace
1218 2514 1295 2580 Aue

465 2640 531 2707 Aai
647 2639 713 2706 Aei
840 2640 900 2705 Aii
1033 2640 1102 2705 Aoi
1218 2638 1288 2705 Aui

464 2766 540 2832 Aac
648 2765 722 2831 Aeo
843 2766 911 2831 Aio
1034 2765 1109 2832 Aoo
1217 2765 1295 2831 Auo

464 2892 543 2958 Aau
648 2891 725 2957 Aeu
843 2890 914 2956 Aiu
1035 2892 1113 2957 Aou
1218 2891 1308 2957 Auu.

674 3231 737 3298 ne
771 3226 1089 3313 turonenses,

737 3374 775 3423 qul
790 3374 860 3415 XXX.
876 3377 911 3413 eet
925 3373 1025 3422 sigillus.

400 3568 588 3657 Interpreti
610 3568 723 3655 primo
747 3566 792 3632 ad
819 3566 1067 3632 elementorum
1091 3586 1272 3632 numerum
1297 3565 1390 3631 viros
1409 3567 1452 3629 22

311 3695 492 3782 sigillatim
506 3692 701 3759 referendos
717 3691 864 3772 decrevi;
882 3691 1031 3757 secundo
1045 3691 1185 3757 illorum
1201 3691 1348 3776 singulis
1367 3691 1456 3757 atria

311 3821 368 3886 vel
387 3819 504 3885 domos
520 3820 572 3903 22,
585 3840 670 3903 quas
690 3815 962 3900 denominarent,
983 3816 1148 3899 adtribui3
1167 3816 1270 3883 tortio
1287 3816 1456 3883 atriorum

246 3963 289 4026 25
312 3946 367 4012 vel
387 3946 566 4011 domorum
585 3943 723 4029 singula
748 3943 785 4008 in
810 3965 869 4008 sex
894 3942 1037 4024 cubilia,
1058 3965 1145 4027 quae
1165 3942 1286 4008 ordine
1307 3942 1456 4027 quodam

313 4070 496 4136 22narium
520 4069 731 4156 complerent
756 4066 913 4149 tertium,
934 4066 1097 4151 distinxi,
1121 4074 1160 4132 ut
1183 4067 1298 4133 virum
1322 4066 1359 4131 in
1383 4066 1456 4152 qui·

314 4195 515 4280 buscunque
532 4193 703 4258 cubilibus
723 4197 913 4279 repertum,
931 4192 1038 4256 trium
1056 4214 1190 4278 semper
1209 4193 1456 4256 elementorum

410 4456 451 4507 26.
461 4454 491 4505 27
508 4454 708 4523 quibuscuque
