3414 5122
678 414 817 458 tonnam
837 414 938 460 Bavn'l

448 889 692 955 IORDANVS
727 889 916 956 BRVNVS
950 891 1179 957 NOLANVS.
1409 833 1525 985 2:311

321 1120 379 1203 DE
414 1118 635 1202 arripior
671 1118 1017 1203 oonsslrlroaln
1054 1118 1303 1202 LVLLlANil.

785 1357 845 1365 —m

584 1855 667 1938 on.
697 1872 723 1937 Ι.
757 1869 1048 1937 Pnoornrvn

333 2105 505 2183 Quoniam
524 2102 706 2188 vulgatum
726 2101 810 2167 satis
830 2107 880 2166 est
899 2101 937 2166 in
956 2108 1030 2167 arte
1048 2101 1156 2167 Lullii
1180 2102 1386 2168 eiuscemodi

200 2243 221 2305 5
244 2230 455 2296 universalia
481 2226 654 2316 principia
674 2227 859 2311 contineri,
881 2236 920 2291 ut
943 2227 986 2292 iis
1005 2227 1106 2292 iactis
1125 2227 1235 2292 veluti
1262 2228 1385 2293 funda-

244 2355 383 2440 mentis,
403 2354 445 2419 de
465 2353 621 2439 quolibet
644 2351 758 2416 scibili
782 2352 941 2417 omnibus
964 2352 1117 2418 numeris
1142 2352 1385 2437 examinando,

245 2479 478 2546 confirmando
491 2486 525 2543 et
537 2476 761 2560 defendendo
775 2485 855 2564 apte
871 2477 1054 2563 inquirere,
1070 2477 1205 2565 copiose
1216 2478 1385 2562 invenire,

245 2606 436 2693 maiorique
451 2604 660 2671 certitudine
676 2605 830 2670 iudicare
845 2603 1030 2691 possimne,
1047 2603 1201 2669 difficilia
1218 2604 1382 2682 enodabo,

244 2731 386 2797 confusa
415 2731 644 2816 distinguam,
676 2729 796 2795 abdita
825 2729 992 2816 aperiam,
1022 2730 1168 2794 obscura
1198 2729 1388 2794 elucidabo

181 2864 222 2926 10
245 2857 343 2920 Licet
362 2856 455 2921 eninr
475 2855 641 2922 libentius
661 2855 794 2940 aliquid
823 2876 864 2919 ex
883 2854 984 2920 nobis
1003 2854 1172 2936 invenire,
1193 2862 1227 2919 et
1258 2853 1390 2919 unicui-

245 3004 324 3066 que,
342 3004 405 3068 pro
422 3003 530 3064 more,
547 2980 601 3046 sni
617 2980 745 3045 laboris
758 2988 793 3044 ct
804 2980 996 3045 industriae
1012 2979 1165 3045 fructum
1182 2979 1387 3063 relinquere,

244 3128 348 3190 quam
367 3106 405 3171 in
428 3104 558 3170 alienas
577 3104 696 3190 fruges
725 3104 928 3170 excolendas
947 3113 1052 3189 atque
1082 3105 1297 3171 triturandas
1318 3128 1387 3168 ma·

244 3253 328 3296 num
348 3237 546 3296 convertere
576 3230 756 3296 nobiscum
777 3230 989 3312 consulatur,
1021 3230 1247 3295 nihilominus
1271 3237 1389 3295 tamen

245 3355 500 3421 considerantes
520 3362 629 3453 artem
645 3355 748 3420 istam
768 3356 872 3420 talem
892 3354 1030 3441 quidem
1047 3378 1133 3439 esse,
1155 3363 1159 3439 l
1181 3356 1317 3440 qualem
1336 3354 1387 3419 di·
1411 3362 1439 3422 b
1460 3362 1507 3423 1v

182 3494 221 3557 15
243 3481 347 3548 vinus
378 3487 469 3546 certe
489 3481 620 3546 Genius
650 3481 728 3545 rudi
758 3480 958 3565 incultoque
987 3478 1181 3546 insinuavit
1211 3479 1386 3561 eremitae,

246 3629 402 3692 quaeque
423 3629 443 3672 a
460 3604 539 3692 plus
559 3628 662 3690 quam
682 3606 766 3671 satis
785 3628 898 3671 crasso
918 3613 952 3671 ct
971 3605 1079 3671 idiota
1098 3603 1254 3692 profecta
1273 3604 1388 3669 videa·

245 3738 315 3815 tur,
337 3732 373 3796 id
394 3732 398 3820 l
419 3740 536 3798 tamen
556 3730 723 3815 continet,
744 3730 836 3816 quod
851 3737 950 3796 tanto
967 3731 1112 3796 alicuius
1131 3730 1254 3796 famosi
1271 3729 1388 3794 Attice
1416 3725 1527 3790 635

340 3988 449 4039 lIonn.
468 3989 505 4054 0,
524 3989 570 4040 che
586 3997 688 4040 arrnola
706 3989 773 4040 *Hic
789 3996 919 4041 tractatas
937 3991 1029 4040 Bruni
1041 3987 1227 4054 plurifariam
1244 3987 1389 4053 impressus

246 4075 298 4120 est:
310 4067 428 4133 priorum
446 4069 598 4136 Vireteryae
612 4087 684 4121 antro
701 4072 778 4134 1587,
793 4071 904 4120 secando
919 4071 1030 4138 Praqaa
1040 4070 1119 4120 sininl
1136 4087 1192 4120 cuni
1203 4070 1387 4135 praecedente,

246 4149 291 4213 qui
305 4149 336 4198 de
349 4148 495 4213 specierum
506 4149 637 4201 scrutinio
651 4150 720 4217 ayit,
736 4168 807 4201 ariao
821 4154 903 4212 158&
913 4157 975 4216 post
989 4149 1166 4215 Arqentoraa·
1176 4149 1271 4200 aeruna
1281 4150 1390 4214 prodiit
1440 4176 1445 4186 ·

246 4229 373 4294 operibus
389 4228 547 4294 Baymundi
563 4229 649 4280 Lollii
665 4230 778 4281 collectis
794 4230 918 4282 insonus.
936 4231 991 4281 Nos
1009 4231 1059 4281 lias
1082 4231 1196 4281 iteratos
1213 4230 1339 4281 editiones
1356 4248 1393 4280 sc·

247 4309 311 4358 drale
329 4307 400 4359 inter
416 4326 443 4360 oe
459 4308 629 4370 contulimus,
646 4328 727 4375 exque
747 4308 780 4361 iis
797 4318 891 4362 tertam
908 4310 1119 4378 castiyarirnrm'
1139 4312 1182 4374 Os.
1200 4328 1284 4375 sopra
1299 4329 1327 4375 l'·
1340 4313 1393 4361 226

247 4391 338 4455 tcnp.
351 4390 374 4440 1.
386 4391 559 4442 Proaemium
569 4390 608 4440 1²:
619 4392 792 4443 Pacornrnn.
804 4394 900 4443 onir.
911 4399 1091 4458 trasponqono
1101 4390 1216 4442 nar-³0
1224 4394 1300 4456 (Gar.
1311 4392 1389 4442 11³0:

249 4471 343 4538 Caput
356 4469 429 4535 Aila)
494 4472 524 4521 15
540 4471 695 4523 heremitae
708 4471 734 4520 P
