3414 5122
240 407 300 467 322
681 417 825 464 rounam
845 415 948 463 snvm

244 577 300 644 nis
318 576 513 666 praecipuis
531 575 568 642 in
589 582 664 642 arte
683 573 869 663 explicitis,
888 572 926 639 in
947 571 1073 660 quibus
1096 576 1178 638 sunt
1195 571 1311 659 plures
1333 594 1389 637 ca·

245 727 358 770 merae
387 709 422 768 et
450 703 526 769 loca
548 699 773 788 particularia
791 697 976 766 referentia
1000 698 1166 764 terminos
1190 698 1388 785 significau-

245 836 296 895 tes
320 827 524 912 bonitatem,
546 824 836 912 magnitudinem,
857 823 1089 890 differentiam
1112 831 1185 907 etc,
1206 823 1287 908 quie
1306 829 1389 888 sunt

245 955 300 1020 vel
319 975 437 1018 eorum
456 950 740 1034 concomitantia,
757 949 813 1016 vel
833 971 950 1015 eorum
969 948 1124 1033 effectus,
1140 950 1197 1014 vel
1212 971 1329 1014 eorum
1346 948 1389 1014 si·

199 1080 220 1144 5
242 1102 325 1166 gna,
343 1079 397 1143 vel
417 1100 534 1144 eorum
554 1099 694 1160 causae,
715 1075 806 1142 unde
826 1076 1033 1163 quatrnplex
1050 1097 1160 1161 genus
1179 1074 1391 1141 demonstra-

246 1203 352 1270 tionis
372 1201 531 1289 emergit,
553 1208 592 1266 ut
611 1201 796 1268 videbitur.

334 1329 452 1417 Ipsum
472 1349 555 1414 ergo
574 1328 604 1392 B
625 1326 729 1392 medii
749 1325 868 1392 circuli
887 1348 957 1392 non
974 1326 1085 1391 solum
1104 1332 1175 1391 stat
1197 1349 1260 1413 pro
1284 1326 1389 1412 signi-

246 1454 379 1520 ficanda
399 1453 565 1536 bonitate,
584 1452 644 1518 sed
666 1474 729 1540 pro
752 1452 945 1516 innumeris
969 1449 1061 1534 aliis,
1078 1473 1202 1539 nempe
1226 1472 1287 1517 suo
1311 1473 1389 1516 con·

247 1586 350 1662 crete,
376 1578 663 1644 communicative
695 1578 761 1659 sui,
785 1576 985 1665 appetibili,
1017 1576 1099 1641 mali
1126 1577 1298 1643 contrario
1326 1583 1389 1640 ctc.

183 1714 226 1779 10
249 1704 416 1770 Similiter
435 1703 477 1770 de
495 1703 666 1792 sapientia
684 1709 719 1768 et
737 1702 824 1768 aliis.

338 1831 412 1908 Quo
443 1852 525 1915 ergo
553 1829 669 1917 plures
700 1829 865 1894 terminos
894 1828 962 1893 tibi
989 1825 1254 1914 comparaveris
1279 1825 1390 1913 magis

249 1954 425 2020 dilatando
444 1962 478 2019 et
497 1954 661 2040 replendo
678 1953 807 2034 domoS,
827 1975 912 2038 qnos
928 1953 1164 2019 ordinavimus
1180 1953 1394 2018 constituen-

249 2078 324 2162 dae,
336 2101 375 2145 eo
387 2080 486 2166 plura
498 2085 602 2164 atque
619 2078 766 2144 certiora
781 2078 924 2144 habebis
937 2079 1061 2162 media,
1083 2078 1087 2163 l
1109 2078 1234 2163 quibus
1248 2078 1392 2144 eandem
1416 2098 1446 2163 q
1467 2085 1526 2147 8¹²

251 2208 504 2276 conclusionem
522 2230 592 2274 non
609 2229 651 2271 ex
669 2206 829 2271 futilibus
846 2213 880 2271 et
896 2229 988 2272 vana
1003 2206 1261 2293 multiplicitate
1277 2206 1393 2271 valeas

186 2341 228 2406 15
252 2336 500 2418 demonstrare,
519 2334 577 2398 sed
597 2356 639 2398 ex
657 2332 806 2420 propriis
826 2339 861 2397 et
889 2332 1099 2397 necessariis
1130 2333 1187 2396 An
1217 2331 1393 2416 hucusque

251 2460 433 2549 pertigerit
452 2458 601 2541 Lullius,
620 2459 748 2546 tuipse
767 2457 957 2541 considere,
978 2467 1013 2522 et
1032 2456 1204 2544 perpende
1223 2462 1392 2542 quantum

250 2589 332 2655 huic
350 2587 418 2654 arti
436 2586 593 2653 additum
612 2586 658 2652 sit
677 2609 697 2652 a
716 2586 825 2651 nobis.

339 2715 529 2798 Postquam
543 2733 624 2777 vero
637 2711 837 2778 discurreris
852 2733 914 2796 per
931 2710 1181 2776 revolutionem
1191 2711 1310 2778 circuli
1327 2735 1395 2777 mc-

251 2839 385 2922 diocriS,
399 2861 459 2924 per
472 2836 751 2902 informationem
766 2859 919 2902 camerae
931 2836 991 2900 BE
1004 2836 1226 2902 adsciscentis
1242 2837 1393 2903 medium

185 2973 229 3036 20
252 2988 293 3030 ex
313 2964 472 3030 omnibus
491 2985 614 3029 novem
634 2962 812 3028 elementis
831 2986 872 3027 ex
892 2986 961 3028 una
977 2963 1105 3048 figura,
1126 2970 1246 3050 utpote
1264 2965 1391 3050 prima,

251 3090 350 3177 quasi
369 3090 442 3178 ipso
457 3089 484 3153 Τ
498 3089 738 3175 subsequente,
756 3088 899 3154 dicendo
919 3088 955 3153 in
975 3089 1085 3154 forma
1104 3089 1239 3172 BBET,
1258 3090 1390 3174 BCET,

252 3215 391 3297 BDE'P,
411 3215 513 3280 etita
533 3215 709 3302 deinceps,
728 3216 857 3302 poteris
882 3237 971 3279 nova
991 3222 1196 3300 argumenta
1215 3217 1390 3302 ordinare,

252 3340 470 3405 adsciscendo
495 3340 659 3405 terminos
683 3340 813 3405 exalia
836 3340 961 3425 figura,
987 3340 1085 3424 ‹prrasi
1109 3340 1184 3426 ipso
1208 3341 1235 3405 Τ
1259 3364 1394 3427 praece·

253 3466 369 3548 dente,
399 3465 543 3531 diceudo
567 3465 604 3531 in
634 3464 744 3530 forma
774 3465 909 3549 TBBE,
942 3464 1074 3548 TBCE,
1104 3465 1242 3549 TBDE,
1276 3474 1310 3530 et
1342 3467 1393 3532 ita

186 3594 229 3658 25
253 3590 428 3677 deinceps;
459 3613 594 3656 rursum
618 3598 652 3656 et
676 3590 743 3656 alia
764 3590 767 3678 l
789 3597 1010 3676 argumenta,
1039 3590 1258 3656 admiscendo
1288 3615 1392 3658 unam
1418 3600 1526 3664 698

253 3718 400 3802 figuram
420 3739 497 3782 eum
516 3717 642 3800 ariera,
663 3717 807 3782 creando
826 3685 961 3798 uren,
979 3716 1110 3799 uror,
1132 3717 1270 3799 Brun,
1291 3724 1325 3783 a
1344 3718 1394 3784 aa

250 3841 419 3928 deinceps
426 3890 433 3925 ,
454 3864 541 3928 quae
561 3842 676 3908 omnia
697 3841 788 3908 clara
807 3849 888 3908 sunt
906 3842 1061 3929 exemplo
1080 3842 1304 3928 superiorum.

347 4196 362 4245 5
381 4195 560 4265 quadruplex
576 4197 600 4248 G
664 4199 744 4250 lem
760 4196 797 4247 cic
861 4200 898 4248 18.
910 4200 941 4250 19
956 4198 1109 4250 mediocris
1126 4198 1250 4250 I’AA²·³:
1270 4197 1394 4251 mediiG
