3414 5122
754 392 893 438 tonnam
915 392 1016 438 Bavul

534 672 613 737 Car.
638 671 703 735 HI.
737 670 801 735 DE
834 666 1242 734 PRAEDICATORVM

453 796 852 865 RESPEOTIVORVM
884 792 1327 861 MVLTIPLIOATIONE.

800 1024 818 1063 1.
834 1023 968 1063 Membrum.

407 1195 458 1258 Ex
478 1193 664 1258 antedictis
688 1190 730 1256 de
749 1190 984 1257 subiectorum
1004 1189 1309 1275 absolutorumque
1328 1187 1462 1275 praedi·

270 1322 291 1385 ὅ
315 1328 470 1385 catorum
490 1317 781 1404 multiplicatione
800 1316 926 1381 multos
950 1338 992 1380 ex
1015 1315 1199 1401 temetipso
1223 1315 1345 1380 elicere
1369 1323 1463 1401 pote·

314 1444 362 1510 ris
379 1444 510 1527 modoS,
529 1443 653 1528 quibus
668 1442 790 1507 iisdem
810 1441 1006 1528 praedicata
1025 1441 1218 1527 respectiva
1234 1439 1460 1526 multiplices;

314 1591 416 1655 porro
436 1568 627 1655 peculiares
646 1567 768 1632 horum
788 1565 1130 1652 multiplicandorum
1155 1564 1273 1632 modos
1304 1565 1463 1652 explane-

315 1718 400 1759 mus.
422 1693 703 1780 Mrrltiplicantur
722 1693 831 1778 igitur
850 1692 934 1757 haec
950 1691 1064 1778 primo
1092 1691 1130 1756 in
1159 1691 1302 1778 propria
1333 1691 1463 1778 signifi·

316 1820 463 1900 catione,
485 1818 633 1884 secundo
654 1818 691 1883 in
711 1818 832 1883 aliena.
853 1818 896 1882 In
919 1817 1061 1904 propria
1091 1816 1232 1901 quidem
1262 1817 1461 1904 tripliciter:

253 1954 293 2015 10
315 1944 427 2030 primo
448 1967 554 2009 unum
573 1943 804 2029 respectivum
823 1941 1061 2028 praedicatum
1079 1965 1141 2029 per
1170 1943 1239 2007 alia
1269 1941 1463 2029 respectiva

317 2068 527 2153 deducenda,
548 2075 588 2133 ut
611 2066 640 2134 si
664 2067 819 2133 dicamus
843 2068 903 2131 BB
927 2067 1124 2132 differentia
1148 2067 1379 2150 differentiae,
1404 2067 1461 2132 BC

317 2194 513 2260 differentia
531 2194 795 2259 concordantiae
808 2216 867 2259 seu
881 2192 1161 2277 concordantum,
1175 2200 1209 2258 et
1222 2193 1272 2258 ita
1284 2192 1375 2281 dein}
1384 2215 1462 2279 ceps
1489 2197 1510 2257 f
1524 2196 1578 2257 8r

317 2343 425 2404 usque
453 2320 497 2385 ad
525 2320 606 2401 ΒΚ,
627 2319 728 2384 aliter
757 2341 893 2404 quoque
918 2318 1171 2383 denominando
1200 2317 1344 2383 dicendo
1368 2317 1464 2382 diffe-

317 2445 429 2510 rentia
459 2444 632 2524 differens,
663 2443 861 2508 differentia
891 2443 1120 2526 contrarians,
1143 2442 1360 2529 principians
1379 2448 1461 2523 eto,

177 2653 179 2656 y
253 2575 293 2637 15
318 2571 377 2635 ubi
397 2569 487 2635 sicut
505 2568 679 2634 deduxisti
697 2569 811 2656 ipsum
831 2569 877 2653 B,
898 2568 1002 2634 itaet
1024 2567 1140 2655 ipsum
1159 2568 1185 2632 G
1206 2568 1343 2653 aliaque
1362 2566 1462 2632 dedu·

317 2717 391 2759 cere
410 2694 539 2780 poteris
557 2693 735 2758 elementa.
757 2692 914 2759 Secundo
934 2701 1109 2780 respectus
1128 2694 1222 2779 ipsos
1242 2693 1461 2758 commiscen-

317 2819 374 2903 d0,
400 2818 623 2906 duplicando,
654 2818 875 2905 triplicando,
907 2819 1212 2905 quatruplicandO,
1239 2827 1279 2884 ut
1317 2817 1461 2883 dicendo

317 2944 512 3009 differentia
531 2943 759 3030 principiam,
781 2945 1003 3026 concordam,
1030 2945 1150 3026 maior,
1172 2944 1301 3028 minor,
1324 2966 1463 3010 concor·

317 3069 437 3133 [lautia
457 3068 610 3134 medians
630 3068 743 3133 finalis
761 3092 821 3133 scu
845 3069 881 3133 in
900 3071 981 3152 fine;
1001 3079 1036 3135 et
1055 3070 1104 3134 ita
1123 3070 1246 3135 deinde
1266 3069 1362 3136 iuxta
1385 3092 1462 3156 pro·

250 3207 294 3268 20
316 3194 524 3280 positorum
544 3194 681 3259 modum
701 3194 1001 3280 subiectorumque
1017 3195 1255 3282 capacitatem.
1269 3195 1388 3260 Tertio
1399 3217 1462 3282 per
1488 3202 1598 3264 686

317 3318 538 3383 altitudinem
557 3318 847 3403 latitudinemque
877 3319 1030 3405 ipsorum
1058 3320 1181 3400 scalae,
1202 3327 1324 3407 utpote
1344 3344 1363 3385 a
1387 3343 1463 3407 par·

316 3443 519 3509 tioularibus
556 3443 599 3507 ed
631 3444 839 3509 universalia
872 3444 1146 3526 conscendendo,
1174 3444 1411 3510 descendendo
1442 3468 1460 3509 e

317 3579 453 3651 contra,
474 3577 508 3634 ot
524 3569 626 3635 aliter
645 3577 696 3652 (ut
715 3593 785 3635 nou
804 3579 856 3636 est
875 3571 1000 3636 iterum
1033 3578 1187 3658 repetere
1218 3571 1460 3653 necessarium)

316 3693 483 3760 faciendo.

249 3820 292 3881 ⁴25
404 3821 446 3885 In
466 3819 578 3884 aliena
597 3826 714 3884 autem
734 3820 935 3907 dupliciter:
955 3822 1068 3909 primo
1098 3845 1160 3909 per
1191 3821 1460 3909 applicationem

315 3943 417 4010 huius
440 3945 571 4029 figurae
601 3945 644 4011 ad
669 3946 830 4030 primam,
853 3970 976 4033 nempe
1007 3948 1254 4032 subiectorum,
1275 3970 1380 4032 quam
1398 3936 1461 4012 nos

319 4069 511 4152 attulimus,
532 4078 607 4136 tum
631 4071 840 4158 generalem,
861 4094 929 4159 qua
952 4072 1185 4138 subiectorum
1214 4095 1342 4158 genera
1372 4072 1461 4139 divi·

317 4193 461 4275 dantur,
482 4201 521 4260 ut
541 4218 618 4261 cum
637 4196 729 4261 iuter
746 4196 847 4261 deum
871 4204 905 4261 et
933 4197 1095 4283 angelum
1119 4205 1153 4263 et
1171 4197 1346 4264 hominem
1366 4197 1461 4263 diffe·

406 4457 436 4506 12
452 4453 674 4519 dit-terenticl’
737 4455 768 4506 13
784 4454 1037 4507 denominativeG
1099 4456 1380 4510 27tuml’mumG
