3414 5122
536 416 733 460 xxmrcano
755 417 912 462 ’curarum
934 417 1143 461 smuxoavu.
1353 402 1408 461 157

483 570 646 636 ferrarius
839 572 941 659 lupus
1178 594 1287 658 rapax

482 696 690 762 stabularius
839 718 962 783 porcus
1181 695 1379 761 immundus

481 822 578 886 miles
837 843 936 887 ursus
1181 820 1273 885 ferus

479 946 695 1011 consiliarius
837 969 957 1012 cervus
1178 944 1287 1031 fugax

481 1070 671 1157 bibliopola
838 1070 917 1157 pica
1179 1070 1305 1154 loquax

480 1195 629 1260 nursicus
835 1194 931 1281 talpa
1182 1217 1301 1259 caecus

480 1320 700 1385 barbitonsor
837 1320 953 1385 hircus
1181 1318 1277 1385 salax
1436 1330 1542 1391 548

478 1444 689 1531 crepidarius
837 1446 931 1510 cauis
1177 1444 1354 1510 blanditor

479 1592 635 1658 caupona
837 1571 890 1634 leo
1178 1568 1278 1634 fortis

477 1696 645 1783 pincerna
837 1696 949 1760 mulus
1178 1695 1305 1760 sterilis

478 1823 571 1889 lanio
835 1828 961 1887 noctua
1177 1820 1352 1887 maleficus
1433 1840 1457 1888 e
1480 1827 1530 1887 ¹5r

263 1947 332 2012 XV
477 1954 596 2034 pastor
836 1969 976 2034 serpens
1178 1946 1365 2012 maledicus

262 2071 350 2137 XVI
474 2073 626 2159 agricola
728 2101 731 2105 ⁴
832 2072 945 2157 gallus
1180 2072 1360 2137 excubitor

262 2199 368 2265 XVII
476 2200 579 2265 olitor
836 2199 914 2264 felis
1178 2199 1364 2266 insidiosus

199 2324 239 2386 lb
262 2325 387 2390 XVIII
478 2327 609 2391 aleator
836 2347 943 2410 equus
1178 2324 1297 2390 furens

262 2451 355 2514 XIX
477 2474 599 2537 magus
836 2471 958 2516 corvus
1178 2449 1353 2516 divinator

262 2577 336 2641 XX
477 2577 578 2642 lictor
837 2575 937 2640 simia
1178 2575 1301 2640 histrio

263 2703 355 2766 XXI
477 2703 588 2790 pictor
836 2701 924 2766 aries
1176 2700 1274 2766 ferax

261 2828 373 2892 XXII
475 2826 716 2914 voluptuarius
832 2833 952 2891 taurus
1174 2825 1370 2891 iracundus,

195 3088 240 3149 20
351 3079 442 3144 Huic
462 3079 600 3143 tabulae
619 3077 878 3145 adcommodata
890 3087 942 3146 est
953 3081 1064 3167 figura
1080 3079 1261 3167 quadrata,
1276 3080 1313 3145 iu
1335 3103 1403 3170 qua

262 3207 318 3273 vel
337 3206 380 3270 ab
400 3205 527 3291 angulo
557 3205 725 3291 superiori
744 3205 794 3289 (in
816 3228 883 3292 quo
904 3206 1058 3293 spacium
1078 3212 1129 3272 est
1149 3228 1212 3293 pro
1234 3206 1406 3293 singulari

262 3333 443 3415 elemento)
477 3330 670 3417 permedia
692 3339 873 3397 numerata
903 3338 938 3397 et
959 3332 1141 3418 designata
1172 3331 1216 3397 ad
1235 3330 1405 3418 angulum

262 3457 461 3524 inferiorem
491 3456 721 3541 descenditur,
751 3456 832 3522 dum
861 3480 966 3523 unam
985 3458 1175 3523 bestiarum
1197 3480 1259 3544 per
1287 3480 1404 3525 omnes

262 3582 471 3670 qualitatum
495 3582 624 3668 species
655 3581 874 3667 deducentes,
900 3584 949 3648 ita
968 3583 1005 3647 in
1037 3583 1197 3650 claustris
1232 3583 1404 3649 artificum

195 3720 238 3784 25
262 3711 352 3776 affici
370 3709 596 3796 concipimus,
616 3716 654 3774 ut
674 3708 901 3796 significanda
920 3708 1108 3795 significet;
1129 3709 1185 3775 vel
1206 3710 1249 3775 ab
1276 3709 1404 3795 angulo

261 3835 418 3901 inferiori
441 3833 664 3920 singulariter
688 3842 789 3922 capto
807 3858 869 3921 per
893 3833 1011 3900 eadem
1032 3834 1144 3900 media
1173 3834 1216 3900 ad
1236 3833 1403 3920 angulum

262 3960 473 4048 superiorem
501 3958 541 4024 fit
559 3982 732 4043 ascensus,
764 3959 845 4025 dum
865 3959 986 4025 unicus·
1008 3957 1135 4025 artifex
1165 3957 1403 4045 persingulas

262 4088 405 4153 duarum
426 4092 461 4151 et
479 4085 609 4172 viginti
628 4086 862 4169 affectionum,
883 4085 920 4149 in
938 4085 1058 4172 plures
1075 4085 1130 4150 vel
1148 4105 1265 4149 omnes
1281 4083 1407 4149 bestia·

352 4391 536 4456 'lHyrouaP
598 4393 762 4456 9cuupoua]
777 4391 848 4454 cfip.
863 4392 921 4452 158,
932 4393 1021 4442 25ea
1031 4394 1113 4456 ΜΩ,
1128 4394 1157 4439 15
1225 4393 1254 4442 17
1268 4392 1365 4456 Symia
1380 4392 1405 4441 l'

260 4474 290 4523 21
306 4472 471 4540 spatiumG
