3414 5122
692 608 939 655 lauvsrulssmo

431 796 494 895 n.
544 797 604 896 n.
658 796 937 897 Ionum
997 724 1206 899 nono

601 1029 652 1066 PRO
666 1030 840 1068 assumam
854 1031 951 1068 VBNB'l'.
964 1034 990 1068 u.
1005 1032 1028 1068 P·

320 1137 392 1174 Arva
408 1139 661 1177 cnursmurssrm
677 1139 820 1177 usttouvu
837 1141 870 1176 m·
886 1140 1049 1178 rotonum
1066 1141 1155 1178 REGE!
1172 1142 1304 1191 ΟΕΔΤΟΒῙ,

552 1306 698 1374 IORD.
746 1307 907 1378 BRVN.
954 1309 1072 1376 NOL.

770 1493 799 1550 S.
816 1493 853 1548 D.

325 2257 551 2347 Margaritam
578 2280 650 2326 non
677 2264 815 2324 tantum
838 2257 970 2324 ventris
998 2257 1189 2342 commode,
1213 2259 1375 2346 ponderis

230 2391 404 2451 momento
423 2391 457 2450 et
475 2384 564 2451 mole
580 2383 816 2468 dimensionis,
831 2392 1001 2470 quantum
1017 2384 1194 2451 oculorum
1213 2391 1373 2473 aspectu,

229 2509 389 2597 propriae
412 2509 538 2597 speciei
564 2509 759 2576 substantia
782 2515 817 2575 et
841 2509 894 2574 sui
916 2507 1053 2595 generis
1077 2508 1246 2596 qualitate
1271 2511 1373 2576 aesti-

228 2635 403 2719 mandam,
427 2656 497 2702 non
526 2633 682 2716 cuilibet,
716 2633 776 2701 sed
803 2634 878 2700 viro
906 2632 1068 2700 nobiliori
1097 2632 1218 2700 donari
1246 2634 1370 2701 debere

163 2774 206 2838 10
228 2760 424 2848 quicunque
442 2780 513 2826 non
531 2759 703 2847 desipiens
719 2758 896 2824 iudicabit.
915 2757 1106 2846 Lapidibus
1123 2781 1205 2846 ergo
1225 2766 1260 2825 et
1278 2783 1372 2846 gem-

227 2885 292 2952 mis
311 2884 630 2974 incomparabilem,
649 2892 816 2972 tantoque
834 2883 1134 2971 preciosissimam,
1156 2891 1286 2971 quanto
1308 2886 1372 2953 mi-

225 3010 302 3076 nori
331 3010 501 3078 librorum
530 3010 706 3078 volumine
734 3015 934 3076 contentam
960 3015 1087 3095 artem,
1117 3032 1188 3077 non
1219 3011 1369 3079 cuilibet

224 3135 437 3221 occurrenti,
462 3135 521 3201 sed
544 3135 641 3219 Tibi,
665 3142 706 3201 ut
729 3136 784 3202 cui
806 3134 886 3200 talis
909 3141 1096 3222 tantaeque
1119 3136 1170 3202 rei
1194 3135 1361 3204 iudicium

225 3261 407 3336 convelnit
429 3267 534 3348 atque
556 3261 725 3348 possessio
753 3260 904 3345 (comuni
926 3261 1060 3348 patriae
1094 3267 1198 3348 atque
1226 3264 1369 3350 sangui·
1394 3267 1448 3331 2*

160 3397 201 3462 15
224 3385 279 3452 nis
306 3387 515 3474 propriaque
538 3386 680 3453 virtutis
707 3393 742 3450 et
769 3386 902 3471 ingenii
925 3385 1110 3452 nobilitate
1134 3386 1368 3456 illustrissime

223 3509 384 3596 Domine)
408 3511 590 3578 dicandam
614 3511 897 3578 existimavimus.
922 3510 1000 3576 Tali
1036 3512 1163 3600 quippe
1197 3519 1368 3600 tantoque

224 3644 411 3722 servatore,
431 3638 631 3705 irrationale
654 3638 872 3704 animantum
895 3660 1004 3723 genus
1027 3637 1116 3704 hanc
1139 3638 1207 3705 sibi
1231 3637 1367 3726 despec-

222 3768 296 3828 tam
314 3762 460 3851 pedibus
479 3763 731 3830 inculcaturum
751 3786 821 3830 non
841 3763 1011 3830 timemus.
1031 3763 1125 3830 Vale.

315 4029 386 4079 tet
402 4028 578 4082 Venetorum
602 4027 784 4094 republicae
806 4029 917 4082 Burnus
941 4027 965 4079 G
1033 4031 1061 4080 11
1079 4030 1317 4096 pretiosissimam
1341 4031 1365 4082 0

221 4110 252 4160 14
267 4109 414 4160 communi
428 4108 452 4160 G
