3414 5122
244 375 304 433 214
683 393 822 439 1611111111
843 393 947 438 naum

244 548 388 614 ticulere
407 548 443 612 in
463 571 534 614 esse
554 549 750 635 specificum
769 556 803 614 et
820 549 1033 636 genericum,
1055 556 1089 614 et
1108 549 1171 615 hoo
1190 547 1234 614 ad
1253 571 1325 614 esse
1345 548 1381 613 in

245 695 370 758 genere
397 672 545 738 maxime
575 674 775 757 universali,
804 673 908 759 idque
931 675 974 740 ad
998 697 1070 740 esse
1089 674 1295 760 simpliciter
1315 675 1387 739 sive

246 797 430 864 essentiam
449 797 704 883 contrahamus,
725 799 814 864 sicut
843 799 1015 886 posterius
1046 800 1084 864 in
1108 799 1218 886 prius,
1244 799 1387 865 effectus

246 924 283 989 in
303 947 437 1006 causas,
457 923 519 989 has
542 924 707 1011 partiales
736 924 772 989 in
801 948 1009 1008 communes,
1040 924 1185 1010 illasque
1212 924 1388 1011 proximas

202 1058 223 1121 5
246 1056 281 1115 61
299 1049 515 1115 immediatas
544 1049 587 1115 ad
606 1050 806 1116 remotiores
836 1057 941 1136 atque
972 1050 1153 1133 mediatae,
1182 1072 1308 1135 easque
1339 1072 1389 1115 se·

246 1173 374 1240 cundas
394 1174 601 1262 adprimus,
622 1175 782 1262 ipsasque
800 1175 916 1262 plures
936 1175 979 1240 ad
999 1198 1113 1241 unam.
1138 1175 1280 1263 Duplici
1310 1196 1391 1260 ergo

247 1297 415 1364 existente
434 1299 682 1366 contractione:
703 1300 824 1385 altera,
845 1323 912 1386 qua
932 1300 1089 1367 absoluta
1106 1300 1218 1367 forma
1234 1302 1274 1366 fit
1290 1300 1392 1366 huius

247 1424 409 1510 illiusque
428 1424 464 1490 in
483 1426 548 1492 hoc
567 1426 656 1492 etin
676 1426 736 1491 illo
756 1424 881 1510 forma,
902 1425 991 1492 sicut
1010 1427 1083 1511 lux,
1102 1450 1189 1514 quae
1208 1435 1261 1493 est
1279 1426 1392 1514 primo

247 1558 344 1625 velut
363 1559 401 1624 in
420 1582 455 1625 se
475 1559 566 1648 ipsa,
591 1567 710 1648 postea
729 1584 914 1649 progressu
939 1560 1084 1647 quodam
1114 1558 1216 1624 huius
1246 1555 1394 1621 efficitur

183 1695 225 1758 10
248 1689 352 1770 atque
370 1684 478 1768 illiue,
499 1686 536 1752 in
554 1686 619 1752 hoo
638 1694 673 1753 et
696 1688 734 1753 in
756 1687 817 1753 illo
846 1688 977 1770 lumen,
1003 1687 1098 1770 (dum
1117 1687 1252 1773 ta1men
1269 1681 1310 1747 de
1330 1704 1392 1746 sua
1415 1701 1445 1765 q
1468 1687 1521 1751 ’7Ρ

248 1811 444 1878 substantia
463 1812 552 1878 nihil
571 1814 709 1879 emittat
728 1821 762 1878 et
781 1836 801 1878 a
819 1813 959 1901 propria
977 1811 1182 1898 integritate
1212 1831 1282 1874 non
1311 1807 1409 1873 defi-.

180 2013 183 2017 ⁴
249 1935 346 2019 ciat);
365 1937 473 2004 altera
487 1939 678 2005 contractio
695 1945 756 2023 est,
776 1963 843 2025 qua
864 1940 869 2029 l
890 1938 1034 2004 inferior
1050 1944 1176 2002 natura
1191 1957 1254 2022 per
1276 1955 1395 2019 quam-
1422 1943 1533 2006 598

205 2074 211 2086 ’
249 2063 328 2129 dam
356 2084 514 2131 assensus
539 2073 574 2131 et
601 2065 817 2132 obedientiae
844 2065 1099 2147 habitudinem,
1130 2070 1206 2129 tum
1237 2060 1391 2127 naturali

248 2195 324 2256 tuin
345 2190 515 2257 notionali
543 2191 689 2278 adpulsu
716 2199 751 2257 et
778 2190 964 2258 multitudo
994 2190 1168 2277 particeps
1199 2185 1395 2273 colligitur,

186 2331 226 2394 15
249 2324 284 2382 et
303 2316 411 2382 multa
429 2317 678 2404 participantia
698 2318 830 2406 colligit
849 2319 886 2383 in
915 2341 1033 2385 unum.
1054 2316 1172 2381 Prima
1199 2313 1393 2381 contractio

250 2451 316 2529 est,
337 2466 405 2530 qua
424 2466 485 2532 per
504 2444 688 2510 essentiam
705 2445 842 2512 infinita
857 2453 892 2511 et
908 2445 1067 2512 absoluta
1083 2443 1194 2509 forma
1210 2441 1333 2508 finitur
1351 2439 1395 2505 ad

249 2570 339 2636 hano
358 2575 392 2635 et
411 2570 455 2635 ad
473 2570 570 2636 illam
590 2571 787 2655 materiam,
805 2572 953 2638 secunda
969 2578 1029 2656 est,
1048 2593 1114 2656 qua
1130 2592 1191 2656 per
1210 2589 1393 2634 numerum

250 2696 388 2762 infinita
407 2701 441 2761 et
457 2695 724 2762 indeterminata
740 2698 885 2763 materia
902 2698 945 2764 ad
960 2698 1049 2764 hanc
1063 2675 1228 2782 illamque
1243 2693 1393 2760 formam

252 2821 469 2887 terminatur.

186 2965 230 3027 20
342 2947 514 3014 Numero
541 2970 676 3035 quoque
695 2948 825 3036 optime
839 2949 950 3015 omnis
968 2947 1213 3035 contemplatio
1233 2954 1269 3010 61
1285 2945 1393 3011 animi

252 3073 432 3159 dispositio
462 3072 683 3160 adimpletur,
714 3072 803 3140 sicut
832 3073 923 3140 idem
955 3073 1137 3140 adrerum
1171 3061 1393 3137 efficientiam

254 3222 454 3265 concurrere
477 3221 549 3266 11611
572 3206 699 3265 16111616
719 3198 879 3265 creditur.
899 3200 1002 3265 Hunc
1022 3221 1101 3264 vero
1130 3197 1220 3263 absit
1240 3203 1279 3262 ut
1298 3196 1400 3273 intel·

252 3325 401 3410 ligamus
432 3300 686 3408 mercatorium,
718 3325 823 3411 inque
851 3348 940 3392 vane
964 3324 1230 3412 algebristarum
1261 3321 1397 3387 subtili-

254 3451 318 3516 bus
337 3449 654 3537 oomputationibus
673 3444 941 3536 consistentem,
953 3451 1012 3516 sed
1031 3450 1068 3515 in
1100 3449 1250 3534 quadam
1270 3447 1399 3513 combi-

187 3594 231 3657 25
255 3577 392 3645 notoria
410 3576 544 3642 ratione
559 3575 664 3642 situm
680 3575 921 3662 intelligimus
939 3600 958 3642 a
973 3599 1041 3662 (pua
1058 3582 1208 3642 tractum
1224 3579 1275 3640 est
1293 3573 1398 3638 illud:

254 3703 357 3770 ‘rem
379 3704 463 3770 suis
486 3703 663 3769 numeris
698 3703 927 3771 absolutam
962 3724 1222 3789 cognoscere,
1250 3705 1397 3788 poetas

256 3829 577 3895 enthusiasmum
600 3826 817 3894 induentes
841 3850 1099 3894 numerorum
1122 3826 1350 3893 dictamina
1378 3849 1398 3892 a

256 3955 381 4020 Musis
404 3953 599 4040 recipere,
620 3953 854 4041 Apollinem
874 3954 1039 4020 vatibus
1060 3975 1249 4019 numeros
1273 3951 1399 4038 inspi-

348 4312 399 4363 6.7
418 4309 529 4376 Duplici
547 4325 615 4373 ergo
632 4307 775 4360 existento
801 4305 1000 4357 contractione
1018 4305 1057 4356 P:
1080 4304 1193 4370 Duplex
1212 4319 1280 4367 ergo
1297 4301 1398 4353 existit

259 4392 458 4445 contractioG
521 4392 601 4441 lala
622 4387 812 4457 quandamG
875 4387 1079 4438 llmultitudo
1099 4385 1133 4434 l’:
1158 4380 1396 4436 multitudinisG

257 4474 289 4525 ‘23
305 4489 377 4526 vano
392 4473 526 4525 1'2vanie
542 4471 566 4522 G
