3414 5122
515 426 670 469 11111111.
692 425 726 470 m
748 426 890 469 1111111).
913 424 1133 470 1013111101.
1336 410 1395 468 235

255 603 329 646 cere
360 582 488 646 colores
518 587 682 662 attentat,
715 589 754 645 ut
784 579 844 645 ubi
872 580 932 644 ille
959 581 990 644 B
1016 580 1169 666 appellat
1192 581 1317 660 lucem,
1338 579 1395 643 hic

254 707 348 772 dicat
363 707 494 793 ignem,
515 705 575 770 ubi
594 705 652 771 ille
671 705 696 769 O
716 708 844 789 oleum,
863 705 919 770 hio
943 704 1099 792 sulphur,
1120 705 1179 768 ubi
1201 704 1259 768 ille
1284 704 1314 767 D
1345 702 1397 767 fu-

253 855 361 914 mum,
379 831 436 896 hic
455 832 677 915 Mercurium
697 831 757 896 ubi
776 830 834 895 ille
855 831 883 895 E
900 831 1065 914 cinerem,
1082 831 1138 895 hic
1158 829 1280 911 salem,
1297 829 1397 894 etita

254 958 295 1023 de
315 957 469 1023 caeteris,

209 1087 230 1148 ὃ
342 1084 374 1148 Α
393 1060 501 1148 Lullii
517 1082 722 1148 sufficientia
742 1082 874 1148 ebibita
894 1105 1017 1147 nomen
1037 1072 1144 1167 atque
1163 1081 1311 1166 gloriam
1331 1080 1398 1145 sihi

254 1231 450 1295 comparare
471 1208 605 1274 studuit
624 1208 871 1296 utplurimum
891 1207 1002 1293 magis
1028 1229 1089 1272 suo
1121 1207 1320 1271 testimonio
1340 1230 1397 1271 va-

254 1358 333 1416 nae,
354 1334 705 1420 quamplurimorum
725 1333 852 1398 iudicio
878 1331 1149 1397 contemnendae
1173 1330 1399 1397 sufficientiae

253 1459 433 1524 Cornelius
461 1458 634 1545 Agrippa,
660 1458 719 1543 qui
748 1457 898 1545 propriis
918 1457 1123 1545 superhaec
1143 1455 1398 1522 commentariis

253 1608 324 1650 non
341 1592 414 1650 tam
427 1583 581 1649 Lullium
598 1606 702 1668 quam
716 1608 751 1648 se
764 1583 878 1670 ipsum
891 1583 1065 1648 illustrare
1078 1582 1279 1648 elaboravit.
1295 1582 1398 1647 Mitto

190 1720 232 1782 10
256 1721 425 1796 quantum
438 1710 552 1776 Lullio
569 1709 702 1775 tribuat
715 1708 809 1774 mille
821 1711 857 1798 in
869 1708 1057 1796 propositis
1078 1715 1082 1792 Ι
1104 1707 1319 1794 Stapulensis
1338 1706 1397 1771 ille
1421 1723 1451 1771 a
1472 1710 1526 1773 ἢν

254 1837 384 1921 Faber,
415 1836 453 1900 in
484 1835 579 1901 cuius
599 1834 701 1900 unica
720 1833 939 1922 philosophia
961 1835 1060 1899 iuxta
1088 1834 1398 1921 Peripateticorum

254 1962 419 2048 dogmata
439 1961 555 2026 Gallia
575 1961 760 2047 gloriatum
788 1961 889 2025 mitto
921 1960 1081 2025 Carolum
1109 1960 1297 2042 Bouillum,
1328 1983 1399 2025 non

252 2097 324 2154 tam
344 2089 386 2171 (si
405 2085 686 2151 Aristarchorum
715 2086 846 2150 ferulae
869 2086 1110 2168 subiiciantur)
1131 2085 1298 2151 orationis
1318 2085 1398 2150 stilo

252 2215 365 2279 Fabro
383 2215 457 2300 ipso
476 2212 652 2295 humilior,
670 2236 775 2297 quam
791 2212 833 2294 (si
850 2235 868 2276 e
885 2212 1048 2277 cathedra
1064 2212 1304 2299 philosophiae
1320 2234 1397 2276 exa·

188 2343 229 2406 15
253 2340 441 2422 minentur)
460 2338 603 2425 ingenio
622 2339 792 2404 illustrior
815 2337 1011 2423 iudicioque
1031 2338 1068 2402 in
1091 2337 1278 2425 multiplici
1297 2337 1398 2402 disci·

253 2468 426 2554 plinarum
445 2488 571 2550 genere
590 2466 758 2530 maturior
781 2474 816 2530 et
840 2465 1022 2549 excultior,
1048 2466 1107 2550 qui
1132 2466 1173 2530 de
1197 2466 1304 2532 Lullii
1324 2467 1397 2531 vita

253 2591 407 2678 scripsit,
428 2589 610 2655 Lullianae
633 2590 810 2656 doctrinae
834 2589 904 2655 edit
928 2591 1057 2675 ubique
1076 2591 1250 2677 specimen
1270 2600 1304 2656 et
1323 2592 1397 2657 ubi·

253 2738 319 2801 que
337 2738 399 2802 pro
420 2738 552 2781 summo
572 2715 677 2780 habet
696 2715 843 2798 honore,
863 2723 901 2780 ut
920 2715 1101 2781 Lullianus
1121 2724 1296 2803 appareat.

343 2840 621 2928 Quamplurimos
651 2842 792 2906 tandem
815 2841 1021 2908 obscurioris
1045 2841 1157 2907 famae
1189 2843 1280 2908 viros
1299 2866 1396 2929 prae-

187 2968 230 3032 20
253 2967 424 3050 termitto,
446 2967 505 3052 qui
526 2967 592 3031 nisi
609 2967 664 3031 vel
684 2967 836 3032 laborem
861 2969 1028 3054 pertaesi,
1053 2969 1107 3032 vel
1135 2969 1265 3053 gloriae
1285 2969 1394 3034 vitam

253 3091 498 3177 anteferentes,
518 3093 573 3156 vel
593 3092 669 3157 aliis
689 3093 904 3158 necessitatis
921 3092 1142 3179 compedibus
1160 3100 1273 3158 essent
1290 3093 1398 3180 impo-

254 3218 332 3301 diti,
353 3227 413 3282 aut
433 3218 538 3283 etiam
557 3225 699 3305 propter
717 3218 931 3284 rarissimum
960 3218 1048 3283 lucis
1068 3241 1169 3283 verae
1189 3219 1395 3304 margarita·

254 3366 399 3428 rumque
432 3367 591 3409 verarum
626 3344 791 3409 iudicium
825 3367 895 3409 non
927 3351 1243 3427 contemnerentur,
1271 3352 1330 3409 aut
1358 3345 1395 3409 in

255 3471 396 3556 pulvere
415 3493 484 3535 non
504 3471 717 3535 sublaterent
736 3470 898 3557 ampliuS,
919 3471 1039 3557 procul
1059 3469 1163 3534 dubio
1184 3471 1236 3533 vel
1269 3470 1396 3535 similia

188 3602 231 3664 25
255 3595 297 3660 iis
327 3595 455 3661 similes
485 3606 686 3680 assererent,
718 3596 772 3660 vel
804 3595 832 3660 si
862 3619 973 3680 nequo
1004 3595 1190 3682 praedictis
1216 3594 1396 3660 inferiores

256 3718 387 3785 fuerint
404 3744 513 3807 nequo
532 3745 645 3808 pares,
667 3722 768 3808 longe
792 3721 922 3787 maiora
946 3727 1197 3804 contestantes
1216 3721 1395 3807 Raymun-
1421 3735 1451 3782 a
1472 3720 1523 3780 8r

258 3846 339 3911 dum
362 3848 514 3913 Lullium
533 3870 651 3914 revera
671 3847 838 3914 divinitus
863 3849 899 3912 in
919 3848 1106 3912 multorum
1126 3847 1252 3932 peritia
1271 3847 1396 3913 illumi-

258 3982 378 4038 natum
397 3973 551 4059 profiteri
566 3997 633 4040 non
655 3982 911 4039 cunctarentur.

347 4099 420 4184 Ego
450 4099 560 4185 igitur
588 4101 745 4185 quamvis
776 4100 874 4181 haec,
904 4105 943 4167 ut
974 4106 1198 4164 monumenta
1230 4098 1397 4163 maiorum

341 4413 354 4459 r
372 4412 417 4460 ure
432 4411 457 4460 r
521 4411 550 4459 13
563 4412 640 4474 stylo
654 4411 719 4472 rc,
735 4429 778 4459 aa
792 4413 827 4471 cf.
840 4430 870 4475 p.
884 4385 976 4469 11111
1040 4413 1079 4463 11.
1094 4412 1122 4460 ra
1139 4409 1396 4460 humiliorem-u-

257 4493 652 4543 lustriorem—maturiorem
671 4501 699 4542 et
713 4493 901 4543 excultiorem
914 4508 1037 4556 correppc
1052 4493 1074 4541 G
