3414 5122
415 432 505 478 1081).
527 431 628 478 nsvin
649 431 694 476 DE
714 430 876 478 COMPEND.
900 430 999 475 Ascli.
1022 429 1118 474 ARTIS
1138 429 1256 473 LVLLII.
1385 413 1402 472 7

261 584 348 651 bene
362 584 625 653 intendentibus
642 585 770 654 occidit
782 585 946 672 ingeniis,
965 584 1149 672 quominus
1168 583 1241 651 eins
1257 582 1403 669 fulgoris

259 712 347 778 radii
371 718 540 799 tanquam
563 712 696 778 foribus
719 711 974 801 intelligentiae
997 717 1135 778 nostrae
1159 710 1324 777 continuo
1348 708 1405 775 ad·

259 842 406 919 stantes,
424 837 454 903 si
473 837 607 925 puriori
627 839 917 926 contemplatione
935 858 1124 903 reseremus
1144 836 1312 916 animum,
1330 834 1404 902 sine

261 960 428 1028 dilatione
459 962 615 1051 irrepant
645 962 817 1048 intimius)
846 963 1072 1050 potentiaque
1099 959 1340 1047 intelligibilia
1367 960 1404 1027 in

214 1085 236 1149 b
261 1094 377 1154 actum
396 1088 698 1174 intelligibilitatis
716 1089 813 1155 velut
832 1111 850 1155 e
868 1088 1022 1155 tenebris
1040 1093 1229 1174 emergant.

633 1333 660 1382 Q.
675 1332 777 1375 efficium
790 1335 927 1386 proximum.
941 1334 997 1386 cap.
1011 1334 1032 1374 ³.

351 1520 463 1588 Causa
477 1544 558 1589 vero
574 1521 724 1588 efficiens
738 1521 968 1610 particularis,
988 1521 1185 1587 intellectus
1202 1543 1307 1608 agens
1326 1521 1406 1587 Lul-

260 1648 375 1714 lianns
387 1647 520 1732 extitit,
539 1647 589 1712 ita
606 1670 687 1714 sane
707 1647 750 1714 ad
766 1646 896 1735 species
912 1645 1153 1734 intelligibiles
1169 1653 1204 1713 et
1224 1647 1229 1736 l
1250 1646 1406 1734 proxime
1431 1645 1540 1743 Ι239

262 1773 395 1839 dietum
425 1772 694 1838 illuminatorem
724 1779 941 1860 comparatus
965 1779 999 1838 et
1024 1771 1219 1862 expositus,
1245 1773 1334 1839 sicut
1361 1772 1405 1838 ad

196 1898 238 1962 10
259 1897 415 1964 visibiles
435 1897 564 1985 species
578 1897 752 1984 istumque
767 1898 874 1965 solem
893 1897 1091 1965 sensibilem
1104 1898 1221 1964 oculus
1241 1898 1405 1984 cuiusque

260 2029 427 2090 nostrum.

658 2227 688 2275 Q.
703 2228 905 2279 metantisque.
920 2227 975 2279 crp.
991 2229 1011 2269 4.
1430 2198 1483 2260 4¹⁸

351 2411 542 2478 Materialis
570 2435 685 2497 causa,
706 2435 810 2499 quam
838 2412 1002 2479 brevibus
1031 2434 1215 2499 exponam,
1239 2420 1406 2500 tempera·

262 2538 331 2605 tior
356 2536 512 2604 Saturnii
530 2538 709 2604 cuiusdam
727 2537 867 2604 habitus
886 2538 1004 2603 extitit
1023 2539 1263 2622 melancholia,
1283 2539 1405 2624 inqua

196 2662 238 2726 15
261 2663 414 2730 residens
432 2662 589 2751 spiritns,
609 2663 724 2750 aptius
744 2687 779 2729 se
794 2663 938 2751 praebet
953 2663 1069 2730 animo
1089 2664 1132 2729 ad
1151 2687 1237 2751 opus
1257 2671 1406 2731 contem·

261 2788 427 2877 plationis
442 2789 727 2872 instrumentum,
744 2795 914 2873 quatenus
934 2789 1039 2854 etiarn
1054 2789 1161 2854 nullis
1174 2788 1317 2854 humani
1336 2797 1405 2856 stu-

261 2913 311 2980 dii
327 2913 519 3002 disciplinis
536 2915 692 2981 excultus
709 2914 851 3000 quidam
868 2913 1120 3002 intelligentiae
1132 2919 1184 2997 (ut
1199 2921 1292 2979 terra
1311 2914 1405 2981 coelo

262 3037 476 3127 dispositior)
499 3040 674 3126 conceptis
694 3038 882 3105 seminibus
902 3045 1043 3126 repente
1066 3038 1237 3105 mirabilis
1266 3038 1405 3119 evadat;

262 3164 312 3230 sic
330 3164 494 3248 Homem,
513 3164 678 3249 Hesiod0,
696 3165 878 3230 Zoroastre
897 3163 1043 3251 aliisque
1059 3162 1178 3230 multis
1195 3163 1338 3251 physice
1356 3163 1407 3229 iu-

195 3284 240 3348 20
262 3288 418 3356 dicantes
437 3289 600 3358 accidisse
620 3289 799 3356 credimus.

655 3531 684 3579 Q.
698 3531 797 3573 mat-crta
810 3531 838 3572 de
852 3540 905 3582 qua.
920 3527 977 3581 Gap.
992 3530 1012 3572 t.

353 3715 556 3783 Subiectum
580 3714 864 3782 considerationis
888 3722 940 3781 est
963 3717 1177 3801 universum,
1204 3716 1295 3803 quod
1318 3717 1405 3802 veri,

264 3840 500 3928 intelligibilis
527 3841 815 3926 rationabilisque
842 3841 1012 3907 rationem
1035 3843 1151 3909 subire
1185 3842 1296 3925 valet;
1322 3842 1406 3909 adeo

266 3966 396 4054 quippe
419 3965 594 4053 generalia
618 3988 713 4048 vera,
743 3966 934 4032 necessaria
957 3973 1061 4051 atque
1081 3967 1261 4055 primitiva
1279 3966 1407 4054 princi·

199 4095 242 4161 ‘25
264 4091 323 4182 pia
347 4090 637 4180 praetenduntur,
662 4096 701 4156 ut
726 4097 824 4157 extra
852 4091 1081 4178 speculativas
1105 4092 1304 4176 facultates,
1329 4098 1406 4158 tan·

358 4409 636 4477 boontemplationi
655 4408 716 4458 berre
740 4409 765 4460 G
835 4410 947 4473 5sorsc
968 4409 1145 4474 emergunt?
1224 4409 1252 4459 13
1275 4424 1357 4475 quem
1380 4410 1407 4461 P

267 4489 299 4544 14
314 4491 466 4546 exstitiit}
529 4490 698 4545 melancolia
714 4490 768 4544 Po
830 4490 860 4541 at
876 4490 1036 4556 generalia,
1054 4503 1122 4541 vers
1139 4489 1163 4543 G
