3414 5122
534 427 578 471 uu
599 428 757 472 taurana
777 427 1035 474 counruaroan.
1299 416 1358 474 255

218 605 307 669 quae
326 583 382 649 vel
407 583 443 647 in
463 583 522 648 illa
553 590 647 668 sunt,
671 583 727 650 vel
758 583 849 650 circa
876 583 972 650 illam
1003 608 1075 650 esse
1103 583 1358 671 intelliguntur.

217 708 337 797 Ipsum
355 709 454 775 iuxta
483 710 585 796 plura
605 708 905 776 coordinationum
927 733 1055 796 genera
1073 710 1189 798 plures
1221 710 1360 776 conficit

124 860 128 868 ·
217 841 321 901 rotas.
349 835 664 900 Instrumentorum
699 835 792 900 enim
820 835 889 900 alia
920 843 1003 901 sunt
1034 836 1073 901 iu
1102 836 1361 902 coordinatione

219 959 397 1047 operantis
414 966 572 1044 naturae,
593 959 661 1024 alia
681 959 718 1024 in
738 960 996 1026 coordinatione
1022 960 1194 1028 imitantis
1214 983 1289 1025 ean]
1308 982 1360 1024 ar-

173 1089 194 1153 5
218 1083 317 1150 tificii
340 1087 344 1169 Ι
366 1084 451 1150 alias
470 1083 631 1150 habentis
648 1107 785 1150 rursum
809 1085 1098 1170 coordinationes,
1119 1086 1200 1152 dum
1220 1085 1276 1151 vel
1295 1107 1363 1150 me·
1387 1101 1411 1149 ο
1434 1088 1475 1149 1r

218 1208 411 1296 taphysice,
431 1210 487 1274 vel
515 1209 772 1292 mathematice,
796 1208 853 1276 vel
874 1211 1064 1296 moraliter,
1085 1210 1361 1296 vellegice,ve1

220 1334 418 1400 mechanico
457 1333 607 1399 molitur.
646 1335 721 1400 iam
756 1335 864 1420 igitur
902 1336 995 1402 ultra
1030 1343 1107 1402 octo
1145 1335 1361 1402 substantiae

217 1459 273 1525 vel
302 1465 355 1542 (ut
384 1460 519 1526 cautius
542 1461 678 1546 loquar)
707 1460 939 1528 subiectorum
967 1484 1095 1547 genera
1130 1461 1362 1527 substantiam

218 1588 467 1675 significantia,
498 1611 607 1654 unum
637 1589 780 1676 ponitur
807 1611 937 1655 nonum
968 1599 1003 1656 et
1027 1590 1190 1655 ultimum
1220 1611 1282 1680 per
1300 1588 1363 1653 ele·

157 1722 198 1785 10
220 1722 376 1782 mentum
404 1716 440 1780 K
466 1714 719 1801 significatum,
750 1716 842 1800 quod
871 1716 1032 1782 universa
1063 1717 1230 1782 denotare
1261 1716 1363 1782 debet

218 1842 419 1909 accidentia.
439 1843 496 1907 An
516 1842 680 1932 (inquies)
710 1864 780 1908 non
799 1865 841 1907 ex
871 1844 1081 1910 enumeratis
1101 1844 1250 1931 plurima
1282 1851 1364 1910 sunt

220 1971 433 2039 accidentia?
453 1973 564 2038 Immo
585 1972 753 2056 (inquam)
773 1977 807 2035 et
833 1971 961 2055 omnia,
982 1971 1011 2036 si
1035 1970 1205 2036 adiective
1228 1971 1364 2058 capian-

220 2103 286 2161 tur.
304 2096 416 2180 Mede,
430 2096 563 2162 sirecte
578 2095 782 2179 consideras,
800 2097 916 2162 omnia
930 2096 1128 2180 subiective,
1146 2096 1363 2163 substantive

221 2221 491 2288 materialiterve
510 2222 754 2304 sumebantur,
776 2228 896 2308 utpote
923 2229 1027 2310 prout
1057 2222 1302 2288 subsistentem
1322 2223 1365 2288 si-

156 2351 197 2416 15
219 2346 389 2433 gnifioant
414 2353 592 2429 naturam,
612 2346 651 2410 in
681 2368 750 2430 qua
778 2347 911 2432 aliquid
938 2370 1010 2412 esse
1032 2353 1161 2434 potest,
1182 2353 1217 2411 et
1235 2347 1277 2411 de
1297 2370 1363 2433 qua

220 2472 351 2559 aliquid
370 2472 533 2539 affirmari
553 2473 608 2536 vel
627 2471 747 2556 negari
764 2471 927 2558 possibile
946 2480 1006 2539 est.
1028 2475 1150 2559 Itaque
1170 2473 1287 2539 taliter
1305 2473 1364 2538 iila

220 2605 301 2664 sunt
320 2597 548 2682 substantiae,
568 2604 608 2662 ut
627 2598 656 2662 si
676 2597 845 2664 adieetive
864 2605 1058 2683 sumantur,
1078 2599 1197 2665 eadem
1216 2599 1365 2686 speeiem

221 2731 255 2789 et
273 2730 433 2789 naturam
452 2722 605 2789 referant
624 2723 870 2805 accidentium,
889 2723 978 2789 sicut
1000 2731 1035 2788 et
1061 2723 1145 2789 haec
1169 2724 1286 2790 omnia
1304 2747 1364 2791 no·

221 2871 298 2915 vem
315 2849 432 2915 taliter
446 2856 528 2914 sunt
544 2848 713 2931 subiecta,
731 2854 770 2913 ut
783 2848 900 2914 eadem
917 2848 1052 2935 possint
1066 2871 1138 2914 esse
1156 2849 1364 2936 praedicata,

154 2985 200 3049 20
220 2982 261 3041 ut
289 2973 469 3058 divinitaS,
501 2974 678 3057 divinum,
708 2973 952 3061 spiritualitas,
973 2974 1183 3059 angelicum,
1203 2975 1363 3058 coeleste,

221 3101 424 3184 humanum,
449 3107 484 3166 et
513 3101 564 3166 ita
595 3100 677 3185 alia,
697 3100 727 3165 si
755 3100 952 3166 adiacentcr
981 3107 1017 3165 et
1035 3100 1293 3166 denominative
1313 3123 1366 3165 ca-

220 3226 372 3328 piantur,
392 3225 470 3292 Non
493 3226 607 3290 minus
631 3233 666 3289 et
690 3249 730 3291 ea
754 3248 842 3310 quae
871 3225 1148 3312 praedicatorum
1176 3226 1251 3291 loco
1279 3225 1366 3290 acci-

221 3349 362 3437 pientur
375 3350 590 3416 substantive
607 3357 724 3437 capta,
742 3351 830 3416 citra
844 3350 1113 3416 controversiam
1133 3351 1366 3417 subiectorum

221 3474 314 3541 vices
333 3475 555 3556 obtinebunt;
576 3475 769 3540 subiectum
793 3477 921 3562 quippe
945 3476 1229 3541 considerationis
1253 3482 1367 3562 potest

156 3613 199 3677 25
222 3622 295 3665 esse
312 3600 468 3681 bouitas,
486 3601 543 3666 cui
561 3600 687 3667 accidit
706 3600 842 3682 divina,
864 3600 1033 3686 angelica,
1056 3602 1227 3682 coelestis,
1249 3601 1367 3668 huma-

223 3747 284 3808 na,
315 3726 507 3808 mundana;
536 3727 656 3791 itidem
687 3725 876 3810 maioritas,
908 3727 1134 3814 principium,
1164 3735 1198 3793 et
1233 3735 1366 3794 caetera

224 3849 349 3934 quibus
369 3851 473 3917 etiam
492 3851 619 3916 accidit
638 3851 807 3935 divinum,
826 3852 1034 3938 angelicum,
1056 3853 1213 3936 coeleste,
1234 3861 1268 3917 et
1288 3853 1365 3919 alia.

224 3974 294 4040 Cur
313 3984 428 4042 autem
446 3983 519 4042 tam
538 3978 652 4063 ample
670 3978 828 4043 notiones
848 3978 1032 4064 accipienti
1049 3978 1116 4043 ista
1130 3979 1201 4043 sint
1216 3984 1367 4043 tanturn-

224 4100 324 4166 modo
344 4101 513 4187 subiecta,
532 4103 593 4168 illa
610 4126 691 4169 voro
711 4104 948 4169 tantummodo
966 4104 1178 4189 praedicata,
1204 4104 1233 4169 si
1257 4105 1369 4188 requi-

317 4411 364 4462 5.6
373 4410 569 4476 metaphysica
578 4410 614 4460 G:
625 4407 948 4474 methaphysicePA2·³:
960 4408 1195 4475 methaphisiceA
1242 4409 1272 4458 13
1281 4409 1367 4459 Modo

228 4490 345 4544 sirecte
361 4492 527 4543 consideras
541 4491 637 4542 omnia
649 4489 703 4541 Po
766 4491 797 4540 14
813 4489 909 4559 prout]
925 4496 1017 4557 puout
1033 4490 1059 4539 P
