3414 5122
602 454 647 498 nn
667 454 852 502 seucmuvn
874 458 1057 506 acerrimo.
1338 446 1397 508 347

539 609 644 675 ODD.

538 731 630 797 tcdd.
672 733 690 768 ⁴*

535 856 626 922 ctdd.
669 859 687 894 ⁴*

535 983 625 1050 cdtd.
669 1007 783 1071 magn.
803 985 875 1051 dur.
901 995 995 1052 cont.

538 1107 630 1173 cddt.
671 1107 690 1144 ³*

539 1232 645 1297 DBB.
722 1272 725 1280 .

534 1354 631 1420 tdbb.
674 1356 692 1392 i

534 1479 631 1546 dtbb.
669 1481 688 1517 ³*

534 1605 630 1672 dbtb.
670 1606 743 1671 dur.
764 1606 843 1671 bon.
863 1605 935 1671 diff.

535 1726 631 1794 dbbt.
671 1726 689 1762 ³*
722 1765 725 1772 ·

536 1853 636 1918 DOO.

534 1977 621 2044 tdcc.
675 1979 693 2014 ⁴*

535 2104 622 2170 dtcc.
671 2105 689 2141 ⁴*

536 2225 623 2291 dctc.
669 2226 742 2292 dur.
762 2250 851 2314 mag.
873 2250 971 2293 conc.

537 2347 626 2414 dcet.
676 2349 694 2384 ⁴*

341 2556 409 2620 Hic
437 2578 563 2621 vanam
593 2555 821 2643 intelligimus
845 2558 1148 2644 combinationem,
1173 2561 1233 2626 ubi
1264 2561 1292 2625 Τ
1321 2584 1391 2627 non

254 2679 383 2745 mediat
400 2680 493 2745 inter
511 2681 705 2767 geminatas
724 2681 852 2748 literae.

553 2957 588 2996 De
600 2958 693 2998 utilibus
708 2963 731 2998 et
746 2958 862 2998 mutilibus
876 2960 1092 3000 contractionibus.

332 3156 394 3229 ¹De
413 3172 490 3230 octo
507 3165 633 3252 igitur,
654 3188 741 3252 quae
758 3166 948 3252 habentur,
968 3168 1069 3234 istius
1089 3169 1267 3236 columnae
1290 3192 1396 3236 mem·
1504 3167 1505 3170 '

187 3291 232 3355 20
254 3290 393 3355 brorum
411 3290 644 3376 duodenariiS,
669 3298 817 3377 quatuor
841 3292 1011 3358 duntaxat
1027 3300 1147 3360 extant
1170 3294 1283 3377 utilia;
1303 3295 1395 3362 ratio

255 3413 351 3480 cuius
374 3422 426 3480 est
448 3415 529 3481 inde
553 3416 749 3500 manifesta,
774 3417 856 3504 quia
879 3417 1008 3484 frustra
1032 3418 1185 3484 eiusdem
1204 3419 1396 3505 praedicati

254 3538 393 3627 signum
420 3542 618 3627 geminatur
640 3543 678 3607 in
706 3542 804 3629 ipsis,
834 3565 921 3629 quae
948 3566 1008 3630 per
1033 3544 1211 3609 stellarum
1235 3543 1396 3610 adiectio·

254 3685 333 3730 nem
356 3673 437 3731 eunt
460 3665 497 3731 in
521 3668 680 3732 columna
699 3666 872 3734 denotata.
893 3666 1152 3734 Duodenarium
1176 3668 1328 3754 primurn
1354 3691 1396 3733 ex

254 3789 366 3856 tribus
380 3792 501 3878 primis
518 3792 685 3879 cylindris
699 3793 904 3877 extrahitur,
922 3792 1108 3859 secuudum
1122 3792 1164 3857 de
1181 3815 1240 3857 sex
1256 3814 1397 3878 sequen·

187 3914 231 3978 25
255 3915 349 3981 tibus
368 3916 539 4001 secundia,
560 3918 703 3984 tertium
722 3918 763 3984 de
783 3918 963 3984 duodecim
983 3918 1096 3984 tertiis
1113 3925 1148 3983 et
1164 3917 1307 3982 ultimis

281 4089 284 4092 -
343 4044 438 4111 Haec
451 4045 608 4111 columna
623 4046 696 4111 100.
709 4044 950 4128 membrorum,
964 4044 1060 4110 cuius
1072 4044 1125 4108 48.
1139 4043 1307 4125 dixiimus
1326 4066 1398 4110 esse
1420 4052 1450 4113 b
1466 4051 1518 4114 θ’

253 4169 368 4255 utilia,
396 4170 597 4237 foecundior
629 4178 681 4238 est
716 4192 820 4256 quam
843 4172 1003 4237 columna
1026 4169 1203 4255 Lulliana,
1232 4191 1319 4255 quae
1342 4170 1395 4234 20.

347 4434 378 4484 14
391 4449 470 4485 cono.
482 4435 520 4484 P:
532 4440 608 4485 cont.
618 4431 671 4485 Ac
735 4432 765 4483 16
779 4432 919 4484 *meac
981 4433 1021 4484 20.
1030 4431 1062 4482 28
1071 4429 1359 4497 (Retio-denotata)
1369 4430 1395 4479 P

251 4515 283 4566 28
297 4516 413 4580 (igitur)
427 4515 550 4580 primum
564 4512 616 4566 Ac
678 4514 710 4565 27
726 4514 896 4567 foecundior
908 4511 974 4564 Aa:
988 4512 1157 4564 foecundior
1171 4511 1197 4562 P
