3414 5122
638 435 785 481 sromavs
807 437 1013 484 sicrmoavn.
1337 424 1396 484 213

252 612 366 656 amore
385 589 637 678 proficiscente,
662 597 743 656 sunt
767 592 922 679 signum,
947 595 1123 681 exemplar
1145 600 1249 680 atque
1274 594 1395 681 figura.

250 718 294 782 In
323 716 408 804 ipsis
438 716 548 803 igitur
577 717 800 783 sensibilibus
822 740 937 785 rerum
961 741 1032 784 non
1058 719 1218 786 consistit
1247 719 1394 804 veritas;

251 841 343 929 quod
357 841 449 909 enim
465 865 545 907 vere
561 849 627 924 est,
644 865 778 929 semper
794 851 862 928 est,
880 851 1031 930 constat,
1047 843 1117 911 fuit
1132 868 1266 933 semper
1281 853 1315 910 et
1330 846 1396 910 erit

252 967 354 1052 (unde
374 967 503 1055 optime
520 967 630 1034 illud:
653 966 776 1034 ‘nihil
800 969 872 1035 sub
897 969 980 1036 sole
1004 970 1190 1054 novum‘),
1211 971 1323 1058 ipsum
1344 978 1395 1036 est

206 1101 227 1164 5
250 1099 417 1160 semotum
437 1117 457 1159 a
476 1092 604 1159 nostris
624 1093 798 1179 sensibuS,
819 1094 944 1182 quibus
964 1117 1034 1161 non
1058 1096 1212 1162 subiecta
1237 1097 1395 1163 substan-

249 1219 315 1302 tia,
328 1219 387 1285 sed
399 1218 568 1305 quaedam
587 1218 660 1285 eius
681 1218 686 1306 1
707 1219 915 1305 affectiones,
936 1221 1074 1305 colores,
1090 1221 1237 1308 ordines,
1253 1221 1392 1309 figurae,
1419 1226 1527 1290 597

249 1346 406 1412 continui
424 1353 553 1430 motus,
574 1346 796 1414 alterationes
816 1355 851 1414 et
865 1347 901 1413 id
921 1348 1012 1434 quod
1029 1369 1164 1435 semper
1179 1354 1230 1414 est
1246 1348 1394 1415 alterum

248 1479 352 1560 atque
370 1471 535 1556 alterum,
556 1472 699 1538 minime
718 1479 834 1539 antem
853 1472 947 1560 quod
966 1495 1087 1539 verum
1104 1479 1155 1539 est
1179 1472 1394 1561 simpliciter,

248 1597 401 1664 offertur.
425 1597 525 1665 Istud
543 1597 654 1685 igitur
673 1621 735 1685 per
754 1598 1037 1680 abstractionem,
1058 1598 1157 1684 quasi
1177 1598 1395 1665 sensibilium

186 1739 228 1803 10
249 1723 422 1790 velamina
452 1732 698 1810 removentem,
729 1723 935 1790 insinuetur.
967 1724 1116 1810 Propter
1146 1722 1238 1810 quod
1268 1746 1395 1810 magna

234 1849 410 1915 effectum
429 1857 481 1916 est
500 1849 654 1934 solertia,
670 1856 710 1916 ut
725 1872 789 1938 pro
804 1872 918 1916 rerum
939 1849 1265 1916 considerandorum
1286 1873 1396 1915 exem-

182 2004 185 2009 >
249 1976 316 2064 plis
336 1983 370 2041 et
394 1977 497 2042 unius
520 1976 661 2043 tandem
680 1976 770 2042 entis
790 1975 1082 2063 contemplatione
1101 1974 1313 2041 mathemata
1345 1975 1395 2041 in-

250 2102 523 2168 troducerentur.

338 2227 578 2294 Contractio
607 2227 730 2293 deinde
754 2226 981 2293 nihilominus
1007 2226 1197 2293 conducere
1220 2226 1392 2314 intellige·
1416 2229 1515 2307 96⁹

184 2361 224 2424 15
248 2362 322 2436 tur;
345 2354 389 2420 ab
423 2354 487 2420 hac
521 2353 612 2420 enim
642 2353 895 2436 multitudiuis,
916 2353 1149 2437 diversitatis,
1171 2353 1394 2420 contrarieta-

248 2479 294 2544 tis
313 2478 632 2565 uniformitatisque
655 2479 882 2546 essentiarum
902 2479 1057 2545 omnium
1083 2478 1229 2561 notitia,
1254 2479 1349 2545 velut
1374 2503 1394 2545 a

248 2604 408 2691 vestigiis
438 2613 473 2670 et
502 2604 799 2692 impressionibus,
829 2605 1002 2687 exoritur;
1031 2628 1093 2693 per
1121 2605 1275 2671 diversas
1300 2605 1394 2670 enim

248 2729 402 2817 ipsarum
420 2729 457 2795 in
476 2729 639 2795 materiae
659 2730 791 2817 gremio
810 2729 1037 2817 figurationes
1058 2728 1324 2813 contrahuntur,
1345 2728 1393 2794 di-

248 2855 382 2922 viniore
397 2854 593 2922 substantia
608 2854 646 2920 in
663 2854 805 2920 densam
824 2854 1074 2941 obscuramque
1094 2876 1292 2941 corpoream
1306 2876 1395 2919 com·

182 2993 227 3057 20
249 2980 433 3068 migrante,
453 3002 556 3066 sequa
577 2979 827 3066 quodammodo
846 2979 974 3046 finibus
999 2979 1153 3046 eiusdem
1177 2979 1394 3066 adstringen-

249 3118 293 3177 te.
313 3109 371 3175 Sic
390 3108 482 3174 enim
501 3131 563 3197 per
582 3107 836 3174 concretionem
852 3107 1075 3195 intelligibile
1092 3130 1201 3173 unum
1221 3115 1255 3173 et
1273 3131 1393 3175 verum

249 3238 291 3304 ad
307 3260 370 3304 nos
386 3237 576 3322 descendit,
597 3235 884 3322 quemadmodum
915 3236 1147 3303 necessarium
1176 3244 1227 3302 est
1257 3260 1319 3303 nos
1350 3237 1394 3303 ad

247 3365 362 3451 ipsum
381 3387 443 3452 per
462 3362 732 3431 abstractionem
751 3361 943 3428 ascendere.
968 3362 1009 3428 Id
1030 3362 1169 3449 quidem
1201 3369 1391 3448 tentamus,

249 3513 326 3557 oum
345 3490 484 3556 infinita
502 3489 683 3555 individua
704 3489 741 3554 in
760 3487 903 3575 species,
919 3487 1189 3554 innumerabiles
1206 3483 1336 3576 species
1355 3488 1393 3554 in

182 3619 226 3684 25
248 3616 398 3704 plurima
415 3638 543 3704 genera
562 3616 688 3698 media,
708 3614 860 3701 haecque
878 3614 916 3679 in
939 3613 1171 3680 determinata
1197 3613 1314 3680 decem
1337 3614 1393 3680 vel

248 3742 440 3825 duodecim,
461 3741 589 3828 etipsa
609 3741 646 3805 in
664 3763 772 3806 unum
792 3740 977 3826 analogum
1010 3734 1208 3827 supremum
1237 3738 1392 3805 omnium

249 3867 458 3954 colligimus,
479 3873 518 3932 ut
536 3890 599 3953 per
617 3866 710 3953 ipsas
727 3865 940 3931 intentiones
966 3865 1065 3951 quasi
1093 3865 1288 3953 oppositam
1315 3886 1393 3929 con-

248 3993 453 4060 tractionem
472 3999 731 4080 prosequentes,
752 4014 823 4058 esse
842 3991 1026 4079 multiplex
1051 3999 1085 4057 et
1113 3991 1290 4057 infinitum
1316 4013 1394 4077 par-

340 4351 356 4400 4
373 4347 526 4400 Ecclesiam.
541 4351 564 4407 l,
583 4350 614 4397 10
676 4349 724 4398 5.6
741 4345 906 4398 substantia
920 4345 1051 4396 subiecta
1069 4345 1093 4395 G
1155 4345 1205 4393 8.‘.l
1222 4339 1392 4408 simpliciter

250 4429 371 4482 offertur
384 4429 438 4481 Po
502 4430 532 4481 17
547 4444 598 4496 per
615 4427 743 4480 diverses
760 4428 837 4479 anim
851 4427 891 4477 1³:
908 4443 972 4476 nam
991 4434 1055 4492 <par
1071 4432 1147 4482 enm>
1164 4423 1294 4474 divorsae
1307 4428 1395 4471 'cmori-

249 4512 328 4564 daG
391 4508 624 4562 ffldcscanditl’
686 4506 959 4575 &leupraemuml'
