<?xml version="1.0" encoding="UTF-8"?>
<!DOCTYPE html PUBLIC "-//W3C//DTD XHTML 1.0 Transitional//EN"
    "http://www.w3.org/TR/xhtml1/DTD/xhtml1-transitional.dtd">
<html xmlns="http://www.w3.org/1999/xhtml" xml:lang="en" lang="en">
 <head>
  <title>
</title>
<meta http-equiv="Content-Type" content="text/html;charset=utf-8" />
  <meta name='ocr-system' content='tesseract 3.04.00' />
  <meta name='ocr-capabilities' content='ocr_page ocr_carea ocr_par ocr_line ocrx_word'/>
</head>
<body>
  <div class='ocr_page' id='page_1' title='image "./jordanibruninol03brungoog_0259.png"; bbox 0 0 3414 5122; ppageno 0'>
   <div class='ocr_carea' id='block_1_1' title="bbox 251 380 952 438">
    <p class='ocr_par' dir='ltr' id='par_1_1' title="bbox 251 380 952 438">
     <span class='ocr_line' id='line_1_1' title="bbox 251 380 952 438; baseline 0.006 -4"><span class='ocrx_word' id='word_1_1' title='bbox 251 380 309 435; x_wconf 70' lang='grc'>218</span> <span class='ocrx_word' id='word_1_2' title='bbox 690 395 827 438; x_wconf 73' lang='lat' dir='ltr'>romum</span> <span class='ocrx_word' id='word_1_3' title='bbox 852 397 952 438; x_wconf 75' lang='lat' dir='ltr'>anum</span> 
     </span>
    </p>
   </div>
   <div class='ocr_carea' id='block_1_2' title="bbox 250 548 1394 763">
    <p class='ocr_par' dir='ltr' id='par_1_2' title="bbox 250 548 1394 763">
     <span class='ocr_line' id='line_1_2' title="bbox 250 548 1394 638; baseline -0.004 -21"><span class='ocrx_word' id='word_1_4' title='bbox 250 552 532 638; x_wconf 88' lang='lat' dir='ltr'>proportionatur</span> <span class='ocrx_word' id='word_1_5' title='bbox 552 553 655 617; x_wconf 88' lang='lat' dir='ltr'>tertio</span> <span class='ocrx_word' id='word_1_6' title='bbox 674 554 979 638; x_wconf 83' lang='lat' dir='ltr'>grammaticorum</span> <span class='ocrx_word' id='word_1_7' title='bbox 1000 551 1109 638; x_wconf 84' lang='lat' dir='ltr'>operi,</span> <span class='ocrx_word' id='word_1_8' title='bbox 1131 572 1198 635; x_wconf 90' lang='lat' dir='ltr'>quo</span> <span class='ocrx_word' id='word_1_9' title='bbox 1218 551 1256 614; x_wconf 91' lang='lat' dir='ltr'>in</span> <span class='ocrx_word' id='word_1_10' title='bbox 1275 548 1394 614; x_wconf 90' lang='lat' dir='ltr'>dictio-</span> 
     </span>
     <span class='ocr_line' id='line_1_3' title="bbox 250 674 1393 763; baseline -0.001 -23"><span class='ocrx_word' id='word_1_11' title='bbox 250 699 310 741; x_wconf 87' lang='lat' dir='ltr'>nes</span> <span class='ocrx_word' id='word_1_12' title='bbox 330 677 481 762; x_wconf 87' lang='lat' dir='ltr'>migrant</span> <span class='ocrx_word' id='word_1_13' title='bbox 500 679 669 763; x_wconf 84' lang='lat' dir='ltr'>syllabae,</span> <span class='ocrx_word' id='word_1_14' title='bbox 690 685 724 742; x_wconf 89' lang='lat' dir='ltr'>et</span> <span class='ocrx_word' id='word_1_15' title='bbox 744 678 884 744; x_wconf 86' lang='lat' dir='ltr'>tandem</span> <span class='ocrx_word' id='word_1_16' title='bbox 907 678 945 742; x_wconf 91' lang='lat' dir='ltr'>in</span> <span class='ocrx_word' id='word_1_17' title='bbox 965 677 1156 743; x_wconf 86' lang='lat' dir='ltr'>orationem</span> <span class='ocrx_word' id='word_1_18' title='bbox 1176 674 1393 741; x_wconf 84' lang='lat' dir='ltr'>conflandam</span> 
     </span>
    </p>
   </div>
   <div class='ocr_carea' id='block_1_3' title="bbox 250 801 1394 892">
    <p class='ocr_par' dir='ltr' id='par_1_3' title="bbox 250 801 1394 892">
     <span class='ocr_line' id='line_1_4' title="bbox 250 801 1394 892; baseline -0.003 -24"><span class='ocrx_word' id='word_1_19' title='bbox 250 804 418 869; x_wconf 71' lang='lat' dir='ltr'>dictiones</span> <span class='ocrx_word' id='word_1_20' title='bbox 441 806 729 892; x_wconf 81' lang='lat' dir='ltr'>mrdtiplicantur.</span> <span class='ocrx_word' id='word_1_21' title='bbox 748 805 854 872; x_wconf 63' lang='lat' dir='ltr'>,Sicut</span> <span class='ocrx_word' id='word_1_22' title='bbox 877 828 958 892; x_wconf 85' lang='lat' dir='ltr'>ergo</span> <span class='ocrx_word' id='word_1_23' title='bbox 982 804 1151 869; x_wconf 84' lang='lat' dir='ltr'>dictiones</span> <span class='ocrx_word' id='word_1_24' title='bbox 1174 802 1269 888; x_wconf 86' lang='lat' dir='ltr'>ipsae</span> <span class='ocrx_word' id='word_1_25' title='bbox 1288 801 1394 888; x_wconf 86' lang='lat' dir='ltr'>sylla-</span> 
     </span>
    </p>
   </div>
   <div class='ocr_carea' id='block_1_4' title="bbox 249 925 1394 1018">
    <p class='ocr_par' dir='ltr' id='par_1_4' title="bbox 249 925 1394 1018">
     <span class='ocr_line' id='line_1_5' title="bbox 249 925 1394 1018; baseline -0.003 -25"><span class='ocrx_word' id='word_1_26' title='bbox 249 928 326 1011; x_wconf 86' lang='lat' dir='ltr'>bas,</span> <span class='ocrx_word' id='word_1_27' title='bbox 342 930 563 1015; x_wconf 78' lang='lat' dir='ltr'>syllabaeque</span> <span class='ocrx_word' id='word_1_28' title='bbox 579 930 698 996; x_wconf 76' lang='lat' dir='ltr'>literas</span> <span class='ocrx_word' id='word_1_29' title='bbox 714 936 1016 1018; x_wconf 72' lang='lat' dir='ltr'>praesupponunt,</span> <span class='ocrx_word' id='word_1_30' title='bbox 1033 930 1082 996; x_wconf 88' lang='lat' dir='ltr'>ita</span> <span class='ocrx_word' id='word_1_31' title='bbox 1099 927 1214 993; x_wconf 91' lang='lat' dir='ltr'>nullus</span> <span class='ocrx_word' id='word_1_32' title='bbox 1231 925 1394 991; x_wconf 73' lang='lat' dir='ltr'>discurrit</span> 
     </span>
    </p>
   </div>
   <div class='ocr_carea' id='block_1_5' title="bbox 205 1052 1396 1142">
    <p class='ocr_par' dir='ltr' id='par_1_5' title="bbox 205 1052 1396 1142">
     <span class='ocr_line' id='line_1_6' title="bbox 205 1052 1396 1142; baseline -0.006 -20"><span class='ocrx_word' id='word_1_33' title='bbox 205 1059 225 1122; x_wconf 82' lang='lat'>5</span> <span class='ocrx_word' id='word_1_34' title='bbox 249 1053 316 1118; x_wconf 89' lang='lat' dir='ltr'>nisi</span> <span class='ocrx_word' id='word_1_35' title='bbox 335 1053 432 1140; x_wconf 87' lang='lat' dir='ltr'>prius</span> <span class='ocrx_word' id='word_1_36' title='bbox 453 1055 683 1142; x_wconf 82' lang='lat' dir='ltr'>composuerit</span> <span class='ocrx_word' id='word_1_37' title='bbox 703 1056 757 1120; x_wconf 89' lang='lat' dir='ltr'>vel</span> <span class='ocrx_word' id='word_1_38' title='bbox 777 1055 949 1140; x_wconf 84' lang='lat' dir='ltr'>diviserit,</span> <span class='ocrx_word' id='word_1_39' title='bbox 969 1077 1070 1120; x_wconf 89' lang='lat' dir='ltr'>nemo</span> <span class='ocrx_word' id='word_1_40' title='bbox 1091 1053 1218 1119; x_wconf 86' lang='lat' dir='ltr'>dividit</span> <span class='ocrx_word' id='word_1_41' title='bbox 1233 1052 1288 1117; x_wconf 82' lang='lat' dir='ltr'>rel</span> <span class='ocrx_word' id='word_1_42' title='bbox 1308 1073 1396 1116; x_wconf 90' lang='lat' dir='ltr'>com-</span> 
     </span>
    </p>
   </div>
   <div class='ocr_carea' id='block_1_6' title="bbox 249 1179 1176 1268">
    <p class='ocr_par' dir='ltr' id='par_1_6' title="bbox 249 1179 1176 1268">
     <span class='ocr_line' id='line_1_7' title="bbox 249 1179 1176 1268; baseline -0.001 -24"><span class='ocrx_word' id='word_1_43' title='bbox 249 1179 364 1264; x_wconf 84' lang='lat' dir='ltr'>ponit,</span> <span class='ocrx_word' id='word_1_44' title='bbox 384 1179 453 1245; x_wconf 89' lang='lat' dir='ltr'>nisi</span> <span class='ocrx_word' id='word_1_45' title='bbox 471 1188 658 1267; x_wconf 87' lang='lat' dir='ltr'>postquam</span> <span class='ocrx_word' id='word_1_46' title='bbox 678 1181 882 1268; x_wconf 88' lang='lat' dir='ltr'>simpliciter</span> <span class='ocrx_word' id='word_1_47' title='bbox 901 1179 1176 1268; x_wconf 87' lang='lat' dir='ltr'>apprehenderit.</span> 
     </span>
    </p>
   </div>
   <div class='ocr_carea' id='block_1_7' title="bbox 732 1459 908 1499">
    <p class='ocr_par' dir='ltr' id='par_1_7' title="bbox 732 1459 908 1499">
     <span class='ocr_line' id='line_1_8' title="bbox 732 1459 908 1499; baseline 0 -1"><span class='ocrx_word' id='word_1_48' title='bbox 732 1460 757 1498; x_wconf 85' lang='lat' dir='ltr'>V.</span> <span class='ocrx_word' id='word_1_49' title='bbox 774 1459 908 1499; x_wconf 85' lang='lat' dir='ltr'>Membrum.</span> 
     </span>
    </p>
   </div>
   <div class='ocr_carea' id='block_1_8' title="bbox 188 1662 1513 2502">
    <p class='ocr_par' dir='ltr' id='par_1_8' title="bbox 188 1662 1513 2502">
     <span class='ocr_line' id='line_1_9' title="bbox 339 1662 1513 1750; baseline -0.002 -23"><span class='ocrx_word' id='word_1_50' title='bbox 339 1666 506 1730; x_wconf 77' lang='lat' dir='ltr'>Praesens</span> <span class='ocrx_word' id='word_1_51' title='bbox 526 1664 635 1749; x_wconf 84' lang='lat' dir='ltr'>igitur</span> <span class='ocrx_word' id='word_1_52' title='bbox 654 1663 877 1750; x_wconf 72' lang='lat' dir='ltr'>pertractatio</span> <span class='ocrx_word' id='word_1_53' title='bbox 895 1671 1014 1729; x_wconf 83' lang='lat' dir='ltr'>nostra</span> <span class='ocrx_word' id='word_1_54' title='bbox 1034 1664 1071 1727; x_wconf 93' lang='lat' dir='ltr'>in</span> <span class='ocrx_word' id='word_1_55' title='bbox 1095 1671 1164 1728; x_wconf 86' lang='lat' dir='ltr'>tres</span> <span class='ocrx_word' id='word_1_56' title='bbox 1191 1662 1394 1749; x_wconf 86' lang='lat' dir='ltr'>praecipuas</span> <span class='ocrx_word' id='word_1_57' title='bbox 1416 1663 1447 1725; x_wconf 86' lang='lat' dir='ltr'>b</span> <span class='ocrx_word' id='word_1_58' title='bbox 1459 1665 1513 1726; x_wconf 74' lang='lat'>5¹·</span> 
     </span>
     <span class='ocr_line' id='line_1_10' title="bbox 251 1789 1398 1878; baseline -0.003 -21"><span class='ocrx_word' id='word_1_59' title='bbox 251 1799 366 1878; x_wconf 88' lang='lat' dir='ltr'>partes</span> <span class='ocrx_word' id='word_1_60' title='bbox 387 1792 584 1857; x_wconf 84' lang='lat' dir='ltr'>dissecatur.</span> <span class='ocrx_word' id='word_1_61' title='bbox 605 1793 648 1857; x_wconf 92' lang='lat' dir='ltr'>In</span> <span class='ocrx_word' id='word_1_62' title='bbox 667 1813 813 1877; x_wconf 89' lang='lat' dir='ltr'>quarum</span> <span class='ocrx_word' id='word_1_63' title='bbox 840 1791 953 1876; x_wconf 88' lang='lat' dir='ltr'>prima</span> <span class='ocrx_word' id='word_1_64' title='bbox 982 1791 1022 1855; x_wconf 90' lang='lat' dir='ltr'>de</span> <span class='ocrx_word' id='word_1_65' title='bbox 1051 1789 1257 1876; x_wconf 84' lang='lat' dir='ltr'>simpliciter</span> <span class='ocrx_word' id='word_1_66' title='bbox 1277 1812 1398 1876; x_wconf 88' lang='lat' dir='ltr'>appre-</span> 
     </span>
     <span class='ocr_line' id='line_1_11' title="bbox 188 1910 1399 2003; baseline -0.001 -23"><span class='ocrx_word' id='word_1_67' title='bbox 188 1910 227 1971; x_wconf 83' lang='lat'>10</span> <span class='ocrx_word' id='word_1_68' title='bbox 250 1915 480 1982; x_wconf 84' lang='lat' dir='ltr'>lrensibilibus</span> <span class='ocrx_word' id='word_1_69' title='bbox 504 1925 681 2001; x_wconf 83' lang='lat' dir='ltr'>tamquam</span> <span class='ocrx_word' id='word_1_70' title='bbox 707 1915 928 2003; x_wconf 85' lang='lat' dir='ltr'>alphabetum</span> <span class='ocrx_word' id='word_1_71' title='bbox 948 1922 1179 2001; x_wconf 86' lang='lat' dir='ltr'>proponentes</span> <span class='ocrx_word' id='word_1_72' title='bbox 1208 1914 1399 1980; x_wconf 88' lang='lat' dir='ltr'>institutio·</span> 
     </span>
     <span class='ocr_line' id='line_1_12' title="bbox 248 2039 1396 2124; baseline -0.002 -19"><span class='ocrx_word' id='word_1_73' title='bbox 248 2064 326 2105; x_wconf 89' lang='lat' dir='ltr'>nem</span> <span class='ocrx_word' id='word_1_74' title='bbox 352 2039 517 2123; x_wconf 85' lang='lat' dir='ltr'>facimus;</span> <span class='ocrx_word' id='word_1_75' title='bbox 541 2043 578 2105; x_wconf 91' lang='lat' dir='ltr'>in</span> <span class='ocrx_word' id='word_1_76' title='bbox 606 2041 755 2106; x_wconf 86' lang='lat' dir='ltr'>secunda</span> <span class='ocrx_word' id='word_1_77' title='bbox 784 2047 950 2124; x_wconf 88' lang='lat' dir='ltr'>tanquam</span> <span class='ocrx_word' id='word_1_78' title='bbox 978 2040 1016 2104; x_wconf 91' lang='lat' dir='ltr'>in</span> <span class='ocrx_word' id='word_1_79' title='bbox 1045 2039 1195 2124; x_wconf 84' lang='lat' dir='ltr'>syllabas</span> <span class='ocrx_word' id='word_1_80' title='bbox 1225 2039 1396 2104; x_wconf 87' lang='lat' dir='ltr'>elementa</span> 
     </span>
     <span class='ocr_line' id='line_1_13' title="bbox 250 2163 1396 2252; baseline -0.003 -22"><span class='ocrx_word' id='word_1_81' title='bbox 250 2166 533 2252; x_wconf 53' lang='lat' dir='ltr'>complectentem</span> <span class='ocrx_word' id='word_1_82' title='bbox 559 2166 599 2230; x_wconf 89' lang='lat' dir='ltr'>de</span> <span class='ocrx_word' id='word_1_83' title='bbox 624 2166 850 2230; x_wconf 88' lang='lat' dir='ltr'>terminorum</span> <span class='ocrx_word' id='word_1_84' title='bbox 874 2164 917 2230; x_wconf 87' lang='lat' dir='ltr'>ad</span> <span class='ocrx_word' id='word_1_85' title='bbox 941 2164 1090 2229; x_wconf 87' lang='lat' dir='ltr'>invicem</span> <span class='ocrx_word' id='word_1_86' title='bbox 1113 2163 1209 2228; x_wconf 87' lang='lat' dir='ltr'>varia</span> <span class='ocrx_word' id='word_1_87' title='bbox 1230 2164 1396 2250; x_wconf 89' lang='lat' dir='ltr'>composi-</span> 
     </span>
     <span class='ocr_line' id='line_1_14' title="bbox 250 2288 1394 2377; baseline -0.002 -24"><span class='ocrx_word' id='word_1_88' title='bbox 250 2289 357 2372; x_wconf 78' lang='lat' dir='ltr'>tione3</span> <span class='ocrx_word' id='word_1_89' title='bbox 397 2291 434 2355; x_wconf 91' lang='lat' dir='ltr'>in</span> <span class='ocrx_word' id='word_1_90' title='bbox 471 2292 575 2356; x_wconf 88' lang='lat' dir='ltr'>tertia</span> <span class='ocrx_word' id='word_1_91' title='bbox 611 2298 789 2375; x_wconf 87' lang='lat' dir='ltr'>tamqnam</span> <span class='ocrx_word' id='word_1_92' title='bbox 824 2289 867 2354; x_wconf 88' lang='lat' dir='ltr'>ad</span> <span class='ocrx_word' id='word_1_93' title='bbox 895 2290 1101 2377; x_wconf 84' lang='lat' dir='ltr'>completam</span> <span class='ocrx_word' id='word_1_94' title='bbox 1129 2289 1313 2354; x_wconf 88' lang='lat' dir='ltr'>lectionem</span> <span class='ocrx_word' id='word_1_95' title='bbox 1340 2288 1394 2353; x_wconf 80' lang='lat' dir='ltr'>vel</span> 
     </span>
     <span class='ocr_line' id='line_1_15' title="bbox 250 2414 1395 2502; baseline 0 -24"><span class='ocrx_word' id='word_1_96' title='bbox 250 2415 458 2500; x_wconf 88' lang='lat' dir='ltr'>scripturam</span> <span class='ocrx_word' id='word_1_97' title='bbox 486 2422 743 2502; x_wconf 81' lang='lat' dir='ltr'>promoventes,</span> <span class='ocrx_word' id='word_1_98' title='bbox 771 2439 810 2480; x_wconf 88' lang='lat' dir='ltr'>ea</span> <span class='ocrx_word' id='word_1_99' title='bbox 839 2438 926 2500; x_wconf 89' lang='lat' dir='ltr'>quae</span> <span class='ocrx_word' id='word_1_100' title='bbox 958 2416 1000 2479; x_wconf 87' lang='lat' dir='ltr'>ad</span> <span class='ocrx_word' id='word_1_101' title='bbox 1030 2414 1341 2500; x_wconf 80' lang='lat' dir='ltr'>argumentationis</span> <span class='ocrx_word' id='word_1_102' title='bbox 1360 2421 1395 2479; x_wconf 92' lang='lat' dir='ltr'>et</span> 
     </span>
    </p>
   </div>
   <div class='ocr_carea' id='block_1_9' title="bbox 184 2535 1325 2627">
    <p class='ocr_par' dir='ltr' id='par_1_9' title="bbox 184 2535 1325 2627">
     <span class='ocr_line' id='line_1_16' title="bbox 184 2535 1325 2627; baseline 0.001 -25"><span class='ocrx_word' id='word_1_103' title='bbox 184 2535 225 2596; x_wconf 75' lang='lat'>15</span> <span class='ocrx_word' id='word_1_104' title='bbox 249 2539 432 2605; x_wconf 78' lang='lat' dir='ltr'>Lullia-nac</span> <span class='ocrx_word' id='word_1_105' title='bbox 452 2547 645 2606; x_wconf 83' lang='lat' dir='ltr'>structurae</span> <span class='ocrx_word' id='word_1_106' title='bbox 663 2541 910 2627; x_wconf 72' lang='lat' dir='ltr'>perlectionem</span> <span class='ocrx_word' id='word_1_107' title='bbox 929 2540 1064 2608; x_wconf 82' lang='lat' dir='ltr'>faciunt</span> <span class='ocrx_word' id='word_1_108' title='bbox 1085 2539 1325 2605; x_wconf 79' lang='lat' dir='ltr'>indicabimus,</span> 
     </span>
    </p>
   </div>
   <div class='ocr_carea' id='block_1_10' title="bbox 406 2859 1243 2927">
    <p class='ocr_par' dir='ltr' id='par_1_10' title="bbox 406 2859 1243 2927">
     <span class='ocr_line' id='line_1_17' title="bbox 406 2859 1243 2927; baseline 0.001 -4"><span class='ocrx_word' id='word_1_109' title='bbox 406 2860 485 2924; x_wconf 76' lang='lat' dir='ltr'>Car.</span> <span class='ocrx_word' id='word_1_110' title='bbox 515 2860 578 2925; x_wconf 87' lang='lat' dir='ltr'>HI.</span> <span class='ocrx_word' id='word_1_111' title='bbox 614 2860 676 2924; x_wconf 86' lang='lat' dir='ltr'>DE</span> <span class='ocrx_word' id='word_1_112' title='bbox 711 2859 1007 2927; x_wconf 79' lang='lat' dir='ltr'>SIMPLICIBVS</span> <span class='ocrx_word' id='word_1_113' title='bbox 1035 2860 1243 2925; x_wconf 83' lang='lat' dir='ltr'>VOCIBVS.</span> 
     </span>
    </p>
   </div>
   <div class='ocr_carea' id='block_1_11' title="bbox 740 3080 905 3120">
    <p class='ocr_par' dir='ltr' id='par_1_11' title="bbox 740 3080 905 3120">
     <span class='ocr_line' id='line_1_18' title="bbox 740 3080 905 3120; baseline 0 -1"><span class='ocrx_word' id='word_1_114' title='bbox 740 3083 757 3120; x_wconf 91' lang='lat' dir='ltr'>l.</span> <span class='ocrx_word' id='word_1_115' title='bbox 773 3080 905 3120; x_wconf 77' lang='lat' dir='ltr'>Membrum.</span> 
     </span>
    </p>
   </div>
   <div class='ocr_carea' id='block_1_12' title="bbox 182 3307 1520 4024">
    <p class='ocr_par' dir='ltr' id='par_1_12' title="bbox 338 3307 1394 3396">
     <span class='ocr_line' id='line_1_19' title="bbox 338 3307 1394 3396; baseline 0.004 -26"><span class='ocrx_word' id='word_1_116' title='bbox 338 3307 519 3393; x_wconf 79' lang='lat' dir='ltr'>Simplices</span> <span class='ocrx_word' id='word_1_117' title='bbox 552 3330 634 3392; x_wconf 82' lang='lat' dir='ltr'>ergo</span> <span class='ocrx_word' id='word_1_118' title='bbox 666 3308 878 3374; x_wconf 84' lang='lat' dir='ltr'>intentiones</span> <span class='ocrx_word' id='word_1_119' title='bbox 895 3317 993 3394; x_wconf 90' lang='lat' dir='ltr'>(quas</span> <span class='ocrx_word' id='word_1_120' title='bbox 1021 3309 1257 3396; x_wconf 83' lang='lat' dir='ltr'>incomplexos</span> <span class='ocrx_word' id='word_1_121' title='bbox 1280 3310 1394 3376; x_wconf 89' lang='lat' dir='ltr'>termi-</span> 
     </span>
    </p>

    <p class='ocr_par' dir='ltr' id='par_1_13' title="bbox 249 3433 1393 3523">
     <span class='ocr_line' id='line_1_20' title="bbox 249 3433 1393 3523; baseline 0.003 -26"><span class='ocrx_word' id='word_1_122' title='bbox 249 3457 311 3498; x_wconf 86' lang='lat' dir='ltr'>nos</span> <span class='ocrx_word' id='word_1_123' title='bbox 335 3433 563 3498; x_wconf 87' lang='lat' dir='ltr'>communiter</span> <span class='ocrx_word' id='word_1_124' title='bbox 594 3433 783 3520; x_wconf 79' lang='lat' dir='ltr'>appellant)</span> <span class='ocrx_word' id='word_1_125' title='bbox 807 3435 870 3499; x_wconf 83' lang='lat' dir='ltr'>liae</span> <span class='ocrx_word' id='word_1_126' title='bbox 901 3440 996 3517; x_wconf 87' lang='lat' dir='ltr'>sunt,</span> <span class='ocrx_word' id='word_1_127' title='bbox 1026 3435 1063 3498; x_wconf 89' lang='lat' dir='ltr'>in</span> <span class='ocrx_word' id='word_1_128' title='bbox 1094 3457 1179 3519; x_wconf 85' lang='lat' dir='ltr'>quas</span> <span class='ocrx_word' id='word_1_129' title='bbox 1202 3435 1393 3523; x_wconf 87' lang='lat' dir='ltr'>propositio</span> 
     </span>
    </p>

    <p class='ocr_par' dir='ltr' id='par_1_14' title="bbox 182 3557 1394 3647">
     <span class='ocr_line' id='line_1_21' title="bbox 182 3557 1394 3647; baseline 0.002 -25"><span class='ocrx_word' id='word_1_130' title='bbox 182 3575 225 3636; x_wconf 65' lang='lat'>⁸20</span> <span class='ocrx_word' id='word_1_131' title='bbox 249 3581 308 3622; x_wconf 84' lang='lat' dir='ltr'>seu</span> <span class='ocrx_word' id='word_1_132' title='bbox 351 3557 544 3623; x_wconf 82' lang='lat' dir='ltr'>verilicatio</span> <span class='ocrx_word' id='word_1_133' title='bbox 584 3559 788 3641; x_wconf 76' lang='lat' dir='ltr'>resolvitur,</span> <span class='ocrx_word' id='word_1_134' title='bbox 826 3584 912 3643; x_wconf 88' lang='lat' dir='ltr'>quac</span> <span class='ocrx_word' id='word_1_135' title='bbox 945 3559 1132 3625; x_wconf 84' lang='lat' dir='ltr'>secundum</span> <span class='ocrx_word' id='word_1_136' title='bbox 1169 3584 1204 3625; x_wconf 86' lang='lat' dir='ltr'>se</span> <span class='ocrx_word' id='word_1_137' title='bbox 1237 3570 1394 3647; x_wconf 84' lang='lat' dir='ltr'>sumpta-e</span> 
     </span>
    </p>

    <p class='ocr_par' dir='ltr' id='par_1_15' title="bbox 247 3683 1520 3898">
     <span class='ocr_line' id='line_1_22' title="bbox 247 3683 1392 3772; baseline 0.002 -24"><span class='ocrx_word' id='word_1_138' title='bbox 247 3707 310 3748; x_wconf 91' lang='lat' dir='ltr'>nec</span> <span class='ocrx_word' id='word_1_139' title='bbox 344 3705 464 3749; x_wconf 81' lang='lat' dir='ltr'>verum</span> <span class='ocrx_word' id='word_1_140' title='bbox 495 3706 608 3767; x_wconf 84' lang='lat' dir='ltr'>neque</span> <span class='ocrx_word' id='word_1_141' title='bbox 642 3683 768 3748; x_wconf 82' lang='lat' dir='ltr'>falsum</span> <span class='ocrx_word' id='word_1_142' title='bbox 800 3685 1015 3769; x_wconf 81' lang='lat' dir='ltr'>significant,</span> <span class='ocrx_word' id='word_1_143' title='bbox 1049 3686 1122 3750; x_wconf 90' lang='lat' dir='ltr'>sine</span> <span class='ocrx_word' id='word_1_144' title='bbox 1158 3687 1243 3772; x_wconf 87' lang='lat' dir='ltr'>ipsis</span> <span class='ocrx_word' id='word_1_145' title='bbox 1277 3693 1392 3750; x_wconf 88' lang='lat' dir='ltr'>tamen</span> 
     </span>
     <span class='ocr_line' id='line_1_23' title="bbox 248 3807 1520 3898; baseline 0.009 -28"><span class='ocrx_word' id='word_1_146' title='bbox 248 3807 334 3871; x_wconf 90' lang='lat' dir='ltr'>nihil</span> <span class='ocrx_word' id='word_1_147' title='bbox 361 3829 481 3871; x_wconf 78' lang='lat' dir='ltr'>rerum</span> <span class='ocrx_word' id='word_1_148' title='bbox 513 3807 670 3891; x_wconf 84' lang='lat' dir='ltr'>nihilque</span> <span class='ocrx_word' id='word_1_149' title='bbox 692 3808 696 3895; x_wconf 72' lang='lat' dir='ltr'>l</span> <span class='ocrx_word' id='word_1_150' title='bbox 717 3808 842 3872; x_wconf 87' lang='lat' dir='ltr'>falsum</span> <span class='ocrx_word' id='word_1_151' title='bbox 868 3809 1077 3894; x_wconf 83' lang='lat' dir='ltr'>intelligitur</span> <span class='ocrx_word' id='word_1_152' title='bbox 1110 3818 1170 3875; x_wconf 88' lang='lat' dir='ltr'>aut</span> <span class='ocrx_word' id='word_1_153' title='bbox 1200 3811 1444 3898; x_wconf 87' lang='lat' dir='ltr'>p1·ofertur;b</span> <span class='ocrx_word' id='word_1_154' title='bbox 1466 3819 1520 3881; x_wconf 56' lang='grc' dir='ltr'>ὃν</span> 
     </span>
    </p>

    <p class='ocr_par' dir='ltr' id='par_1_16' title="bbox 246 3933 1393 4024">
     <span class='ocr_line' id='line_1_24' title="bbox 246 3933 1393 4024; baseline 0.004 -28"><span class='ocrx_word' id='word_1_155' title='bbox 246 3933 443 3998; x_wconf 90' lang='lat' dir='ltr'>huiusmodi</span> <span class='ocrx_word' id='word_1_156' title='bbox 468 3939 549 3998; x_wconf 86' lang='lat' dir='ltr'>sunt</span> <span class='ocrx_word' id='word_1_157' title='bbox 572 3934 713 3998; x_wconf 87' lang='lat' dir='ltr'>nomina</span> <span class='ocrx_word' id='word_1_158' title='bbox 737 3935 792 3998; x_wconf 79' lang='lat' dir='ltr'>vel</span> <span class='ocrx_word' id='word_1_159' title='bbox 816 3935 933 4011; x_wconf 79' lang='lat' dir='ltr'>verbu,</span> <span class='ocrx_word' id='word_1_160' title='bbox 963 3935 1100 4019; x_wconf 89' lang='lat' dir='ltr'>quando</span> <span class='ocrx_word' id='word_1_161' title='bbox 1124 3944 1221 4001; x_wconf 84' lang='lat' dir='ltr'>extra</span> <span class='ocrx_word' id='word_1_162' title='bbox 1240 3937 1393 4024; x_wconf 87' lang='lat' dir='ltr'>proposi-</span> 
     </span>
    </p>
   </div>
   <div class='ocr_carea' id='block_1_13' title="bbox 247 4059 1391 4146">
    <p class='ocr_par' dir='ltr' id='par_1_17' title="bbox 247 4059 1391 4146">
     <span class='ocr_line' id='line_1_25' title="bbox 247 4059 1391 4146; baseline 0.003 -24"><span class='ocrx_word' id='word_1_163' title='bbox 247 4059 377 4124; x_wconf 86' lang='lat' dir='ltr'>tionem</span> <span class='ocrx_word' id='word_1_164' title='bbox 406 4083 469 4146; x_wconf 90' lang='lat' dir='ltr'>pcr</span> <span class='ocrx_word' id='word_1_165' title='bbox 499 4083 571 4126; x_wconf 87' lang='lat' dir='ltr'>sese</span> <span class='ocrx_word' id='word_1_166' title='bbox 599 4060 797 4146; x_wconf 81' lang='lat' dir='ltr'>capiuntur,</span> <span class='ocrx_word' id='word_1_167' title='bbox 818 4060 1036 4125; x_wconf 82' lang='lat' dir='ltr'>definitiones</span> <span class='ocrx_word' id='word_1_168' title='bbox 1065 4061 1161 4144; x_wconf 84' lang='lat' dir='ltr'>item,</span> <span class='ocrx_word' id='word_1_169' title='bbox 1182 4062 1224 4126; x_wconf 91' lang='lat' dir='ltr'>ad</span> <span class='ocrx_word' id='word_1_170' title='bbox 1245 4084 1391 4146; x_wconf 90' lang='lat' dir='ltr'>quarum</span> 
     </span>
    </p>
   </div>
   <div class='ocr_carea' id='block_1_14' title="bbox 251 4249 1380 4259">
    <p class='ocr_par' dir='ltr' id='par_1_18' title="bbox 251 4249 1380 4259">
     <span class='ocr_line' id='line_1_26' title="bbox 251 4249 1380 4259; baseline 0.004 -5"><span class='ocrx_word' id='word_1_171' title='bbox 251 4249 444 4257; x_wconf 62' lang='lat' dir='ltr'>——m—</span> <span class='ocrx_word' id='word_1_172' title='bbox 460 4251 481 4255; x_wconf 89' lang='lat'>.-</span> <span class='ocrx_word' id='word_1_173' title='bbox 489 4251 848 4258; x_wconf 77' lang='lat'>-—-———-—--</span> <span class='ocrx_word' id='word_1_174' title='bbox 856 4252 1380 4259; x_wconf 77' lang='lat'>——-—.—.—..-—-————.-</span> 
     </span>
    </p>
   </div>
   <div class='ocr_carea' id='block_1_15' title="bbox 249 4371 1391 4519">
    <p class='ocr_par' dir='ltr' id='par_1_19' title="bbox 249 4371 1391 4519">
     <span class='ocr_line' id='line_1_27' title="bbox 337 4371 1391 4444; baseline 0.004 -23"><span class='ocrx_word' id='word_1_175' title='bbox 337 4374 353 4421; x_wconf 81' lang='grc'><strong>6</strong></span> <span class='ocrx_word' id='word_1_176' title='bbox 370 4373 592 4438; x_wconf 83' lang='lat' dir='ltr'>apprehenderit</span> <span class='ocrx_word' id='word_1_177' title='bbox 606 4371 681 4423; x_wconf 68' lang='lat' dir='ltr'>11³³G:</span> <span class='ocrx_word' id='word_1_178' title='bbox 697 4374 953 4438; x_wconf 84' lang='lat' dir='ltr'>apprcdohenderit</span> <span class='ocrx_word' id='word_1_179' title='bbox 966 4377 991 4425; x_wconf 86' lang='lat' dir='ltr'>I&#39;</span> <span class='ocrx_word' id='word_1_180' title='bbox 1004 4377 1280 4444; x_wconf 81' lang='lat' dir='ltr'>(appraedehondcrit</span> <span class='ocrx_word' id='word_1_181' title='bbox 1293 4378 1330 4426; x_wconf 84' lang='lat' dir='ltr'>A:</span> <span class='ocrx_word' id='word_1_182' title='bbox 1345 4392 1391 4442; x_wconf 85' lang='lat' dir='ltr'>ap·</span> 
     </span>
     <span class='ocr_line' id='line_1_28' title="bbox 249 4453 882 4519; baseline 0.005 -16"><span class='ocrx_word' id='word_1_183' title='bbox 249 4453 443 4517; x_wconf 79' lang='lat' dir='ltr'>praehonderit</span> <span class='ocrx_word' id='word_1_184' title='bbox 456 4454 501 4515; x_wconf 60' lang='lat'>11²¹)</span> <span class='ocrx_word' id='word_1_185' title='bbox 567 4456 617 4504; x_wconf 81' lang='lat' dir='ltr'>roc</span> <span class='ocrx_word' id='word_1_186' title='bbox 633 4455 662 4503; x_wconf 79' lang='lat'>13</span> <span class='ocrx_word' id='word_1_187' title='bbox 679 4459 816 4519; x_wconf 85' lang='lat' dir='ltr'>tanquam</span> <span class='ocrx_word' id='word_1_188' title='bbox 829 4456 882 4506; x_wconf 73' lang='lat' dir='ltr'>Aa</span> 
     </span>
    </p>
   </div>
   <div class='ocr_carea' id='block_1_16' title="bbox 0 0 1712 5122">
    <p class='ocr_par' dir='ltr' id='par_1_20' title="bbox 0 0 1712 5122">
     <span class='ocr_line' id='line_1_29' title="bbox 0 0 1712 5122; baseline 0 4"><span class='ocrx_word' id='word_1_189' title='bbox 0 0 1712 5122; x_wconf 95' lang='lat' dir='ltr'> </span> 
     </span>
    </p>
   </div>
  </div>
 </body>
</html>
