3414 5122
539 443 584 490 DE
604 446 760 492 taurana
780 446 1038 498 couernnroala

564 864 749 1004 saorla
791 929 1055 1009 SECVNDA.

282 1439 418 1504 Cael.
452 1440 515 1505 DE
548 1440 867 1509 TERMINORVM
901 1445 1334 1513 MVLTIPLIOATIONE

497 1566 556 1631 ΕΤ
589 1567 737 1634 PRIMO
773 1568 1117 1637 SVBIEOTORVM.

731 1792 749 1832 1.
764 1792 896 1833 Membrurn.

192 1973 213 2037 5
325 1979 442 2045 Unum
461 1979 504 2044 de
521 1979 786 2066 principialibus
806 2002 938 2065 eorum,
961 2002 1047 2065 quae
1066 1980 1109 2047 ad
1128 1981 1380 2067 inventionem,

236 2103 402 2170 iudicium
430 2113 464 2170 et
494 2129 533 2170 ea
564 2129 652 2191 quae
681 2112 938 2193 consequuntur
968 2129 1010 2171 ex
1039 2107 1115 2173 istis
1144 2106 1295 2192 faciunt,
1329 2116 1382 2173 est
1498 2128 1501 2133 '

235 2230 324 2295 ratio
354 2229 610 2317 multiplicandi
639 2230 819 2314 terminos,
851 2231 1138 2316 quemadmodum
1175 2231 1218 2296 ad
1248 2233 1380 2298 arboris

236 2354 474 2441 frugalitatem
504 2378 679 2422 ramorum
711 2355 956 2443 multiplicatio
986 2358 1178 2423 necessaria
1208 2365 1275 2440 est,
1307 2358 1382 2424 sine

237 2502 304 2565 qua
330 2479 461 2545 frustra
487 2479 666 2546 fructuum
699 2482 894 2548 uberiorem
922 2504 1060 2569 sperare
1089 2484 1200 2569 possis
1234 2483 1382 2570 copiam.

172 2608 214 2671 10
236 2604 346 2669 Addit
373 2604 484 2691 igitur
510 2606 730 2692 praecedenti
758 2630 921 2694 praesens
942 2607 1171 2673 consideratio
1201 2608 1279 2695 plus
1310 2630 1381 2674 mo·
1407 2613 1514 2677 680
1581 2618 1583 2623 ’
1669 2634 1672 2641 ·

237 2729 359 2811 menti,
380 2751 482 2814 quam
503 2729 540 2794 in
559 2730 678 2795 eodem
697 2753 822 2816 genere
842 2731 967 2819 simplo
986 2732 1095 2818 possit
1114 2754 1287 2819 apponere
1307 2756 1384 2799 cen-

167 2896 172 2907 ·
237 2855 382 2941 tuplum.
407 2854 457 2918 Eo
481 2854 590 2941 igitur
613 2855 745 2938 ordine,
766 2878 833 2942 quo
853 2857 1025 2938 subiecta,
1048 2856 1248 2944 praedicata
1280 2864 1384 2943 atque

238 2981 376 3066 regulae
404 2978 441 3044 in
469 2980 703 3067 superioribus
734 2981 907 3047 habentur
937 3004 998 3068 pro
1017 2981 1152 3048 ratione
1176 2982 1261 3048 artis
1279 2982 1382 3048 huius

238 3104 399 3187 definita,
420 3103 463 3170 ad
483 3127 584 3191 quem
604 3105 869 3192 multiplicanda
889 3113 969 3173 sunt
989 3107 1126 3173 modum
1149 3107 1255 3173 etiam
1274 3107 1385 3174 consi·

174 3229 215 3292 15
238 3228 410 3295 darentur.

720 3441 750 3481 11.
766 3440 899 3481 nemorum.

329 3606 530 3673 Subiectum
549 3630 645 3694 ergo,
666 3606 757 3672 c'irca
781 3605 872 3691 quod
895 3612 1052 3672 versatur
1081 3584 1248 3689 intentio,
1269 3606 1383 3692 inqui·

242 3731 335 3816 sitio,
356 3732 512 3799 inventio
533 3733 643 3799 omnis
667 3738 701 3797 et
720 3731 900 3814 iudicium,
924 3737 976 3796 est
999 3754 1132 3818 semper
1155 3730 1242 3796 illud
1261 3754 1383 3817 unum,

243 3857 333 3922 circa
353 3858 444 3942 quod
459 3866 493 3923 et
512 3858 553 3923 de
573 3880 640 3943 quo
661 3857 786 3938 mullta
805 3856 1029 3940 affirmamus,
1049 3879 1229 3942 negamus,
1249 3857 1385 3923 dubita-
1408 3868 1497 3929 14¹*

175 3988 220 4051 20
242 4006 327 4048 mus.
346 3983 465 4069 ipsum
485 3984 512 4047 si
533 3982 757 4069 multiplicari
774 3991 808 4047 et
823 3981 963 4048 dilatari
979 3981 1117 4066 debeat,
1136 3984 1233 4049 velut
1253 3984 1290 4049 in
1309 4007 1385 4049 cen-

241 4116 295 4174 tro
329 4108 448 4173 circuli
485 4109 682 4191 collocetur,
711 4108 802 4173 unde
833 4107 877 4174 ad
906 4107 1220 4174 circumferentiam
1253 4110 1384 4176 multae

240 4233 462 4319 diversaeque
480 4233 715 4321 producantur
732 4232 859 4317 lineae,
880 4232 923 4298 ad
947 4255 1064 4299 eorum
1094 4233 1386 4301 circumferentia·

334 4509 364 4561 ll
381 4506 440 4558 sint
456 4507 480 4561 G
