3414 5122
259 364 319 423 348
704 379 843 426 1666661
864 376 966 425 66161

259 542 396 600 tontum
420 540 555 600 constat
574 535 737 600 membris
760 535 797 599 in
821 535 924 600 unico
940 534 1107 621 cylindro.
1127 533 1267 600 Accidit
1285 542 1413 601 autem

259 660 358 726 uobis
375 683 450 725 eam
466 661 594 726 ditasse
610 667 707 726 extra
724 683 799 725 eam
814 660 997 741 rationem,
1015 681 1082 744 quo
1101 658 1333 747 Reymundus
1349 683 1416 747 po-

258 787 327 851 tuit
351 786 505 851 omisisse
525 794 658 851 caetere
677 786 843 870 membre,
865 785 945 870 quia
964 785 1124 850 inutilem
1151 785 1303 851 eiusdem
1329 785 1411 851 fieri

261 911 399 977 videbat
420 911 675 998 repetitionem,
710 910 987 996 qnandoquidem
1016 909 1129 976 dicere
1158 909 1264 993 BCD,
1283 910 1321 975 id
1353 916 1411 976 est

213 1039 233 1102 ὅ
260 1036 395 1102 bonitas
419 1059 545 1122 magne-
564 1035 704 1117 durens,
724 1043 759 1101 et
778 1035 889 1101 dicere
910 1037 914 1125 1
936 1036 1041 1120 CBD,
1065 1036 1101 1101 id
1125 1044 1176 1102 est
1200 1036 1410 1122 616866116-
1442 1036 1553 1100 615

257 1162 349 1226 uites
377 1160 517 1243 dumne,
549 1159 640 1225 idem
667 1170 728 1226 est.
753 1159 823 1224 Nos
846 1183 928 1225 vero
952 1160 1154 1246 Reymundi
1181 1158 1338 1225 ordinem
1369 1167 1410 1226 et

257 1286 497 1352 sufficieutia-m
526 1308 595 1351 666
616 1286 863 1372 improbamus,
884 1293 919 1351 et
942 1286 1092 1352 fatemur
1111 1286 1149 1351 in
1177 1307 1238 1352 suo
1257 1286 1409 1372 vigens·

256 1409 307 1474 rio
339 1410 455 1475 omnia
483 1410 623 1475 tandem
655 1411 824 1476 contineri
859 1410 1010 1496 quidem,
1047 1411 1107 1476 sed
1139 1432 1239 1477 caeca
1269 1417 1304 1476 et
1334 1410 1408 1498 ipsi

255 1533 369 1600 Lullio
393 1534 539 1601 fortasse
565 1535 670 1600 etiam
690 1535 824 1601 occulta
843 1537 897 1600 vel
916 1535 1031 1602 minus
1051 1535 1276 1602 considerata.
1303 1536 1407 1602 Post-

190 1668 234 1731 10
257 1686 360 1749 quam
384 1664 493 1750 igitur
519 1664 804 1746 combinationes,
824 1687 911 1749 quoe
931 1687 972 1729 ex
991 1672 1139 1750 quotuor
1159 1664 1235 1730 istis
1254 1664 1408 1730 elemen-

255 1789 300 1855 tis
334 1798 367 1854 et
403 1789 571 1856 ordinatis
606 1790 680 1855 fieri
713 1797 871 1877 possunt,
901 1790 1133 1872 extendimus,
1166 1811 1321 1875 quaeque
1356 1813 1402 1856 ex

254 1915 297 1980 iis
326 1914 485 1981 omnibus
513 1914 665 2001 frugales
694 1925 813 1982 extent
841 1916 1054 2002 patefactum
1087 1924 1156 1996 ost,
1181 1915 1402 1981 discurratur

255 2044 413 2108 columna
450 2041 614 2107 sumendo
652 2041 803 2128 primum
831 2043 1039 2107 elementum
1068 2041 1297 2123 substantive,
1329 2042 1401 2108 duo

253 2168 386 2252 relique
416 2167 598 2248 adiective,
634 2167 792 2232 dicendo:
822 2167 959 2233 bonitas
984 2191 1111 2252 magne
1140 2168 1281 2249 dumne,
1308 2189 1401 2253 quoe

188 2296 229 2358 15
253 2292 470 2378 significatur
493 2292 530 2355 16
554 2291 654 2355 BCD.
680 2292 802 2357 Nonne
822 2291 972 2357 utillime
996 2299 1031 2356 et
1054 2293 1160 2358 etiem
1178 2315 1241 2379 pro
1260 2292 1399 2360 ratione

253 2417 494 2504 complementi
523 2417 695 2482 discursus
719 2417 910 2482 necessarie
936 2418 1122 2482 eorundem
1145 2417 1395 2484 elementorum

252 2541 320 2607 alia
340 2541 511 2607 ordinatio
530 2542 602 2623 fiet,
622 2542 784 2607 diceudo:
799 2543 1003 2627 magnitudo
1023 2543 1113 2608 bone
1133 2542 1272 2626 (161666,
1293 2544 1394 2610 cuius
1428 2591 1432 2597 -

252 2668 390 2753 signum
410 2675 462 2732 est
481 2667 596 2731 CBD?
613 2668 691 2732 Nou
711 2675 763 2732 est
790 2690 870 2732 sane
899 2667 1052 2733 eiusdem
1071 2667 1241 2754 repetitio
1263 2666 1393 2734 Simili·

250 2801 303 2856 ter
322 2815 475 2877 unquam
499 2814 567 2857 nou
598 2792 665 2857 erit
695 2792 846 2857 eiusdem
872 2792 1047 2878 repetitio,
1074 2792 1102 2856 si
1122 2800 1216 2857 certe
1244 2792 1395 2877 quadam

184 2920 228 2983 20
250 2918 326 3003 lege
342 2918 571 3003 dispone-ntur
587 2919 727 2983 termini
752 2928 821 2984 tres
840 2942 901 3005 per
921 2918 1130 2983 adiectivum
1149 2928 1183 2983 et
1202 2919 1394 2983 substanti-

249 3066 344 3126 vum,
365 3050 497 3108 rectum
514 3051 548 3107 et
564 3043 758 3128 obliquum,
777 3052 815 3108 ut
834 3067 873 3108 ou
886 3045 960 3128 lege
977 3067 1011 3106 se
1025 3043 1150 3108 habeat
1163 3066 1270 3108 uuum
1288 3067 1394 3108 mem-

250 3168 560 3252 b1·n1u,quauliud;
576 3210 578 3245 ς
596 3171 649 3233 vel
662 3168 690 3233 si
704 3169 819 3233 omniu
839 3169 991 3233 membre
1004 3167 1239 3253 periformiter
1256 3168 1393 3254 cepian-
1419 3177 1452 3238 b
1470 3179 1530 3240 ὃν

249 3305 319 3377 tur,
340 3316 529 3378 numquam
553 3293 705 3359 ciusdem
724 3293 783 3358 fiet
802 3293 976 3379 repetitio,
998 3301 1032 3357 et
1046 3315 1116 3357 non
1139 3292 1329 3357 incidemus
1355 3293 1393 3358 in

249 3417 432 3483 necessarii
462 3417 692 3496 omissionem,
726 3418 815 3482 sicut
839 3441 915 3482 cum
943 3419 1056 3504 posito
1083 3417 1174 3481 Bon
1200 3417 1391 3482 contemni·

183 3542 225 3606 25
248 3553 305 3611 tur
323 3544 425 3609 CBD,

717 3767 828 3807 Numerus
841 3767 922 3815 legum.

338 3945 448 4030 Leges
472 3968 569 4029 vero,
595 3946 720 4030 quibus
744 3943 961 4010 uniformiter
984 3942 1190 4007 discurritur
1213 3943 1390 4026 columna,

248 4077 329 4134 suut
348 4078 438 4154 octo,
460 4093 606 4157 querum
626 4093 696 4136 une
719 4078 770 4136 est
795 4076 931 4155 sumpto
951 4068 1063 4154 primo
1083 4068 1230 4134 termino
1250 4066 1393 4133 61116661-

338 4356 388 4404 7.8
412 4354 441 4403 16
462 4370 514 4405 666
536 4356 681 4406 vicenario
705 4355 741 4416 G,
763 4354 798 4416 cf.
817 4370 848 4415 p.
872 4354 960 4412 34,13
982 4367 1019 4414 eq.
1102 4352 1130 4400 15
1156 4350 1311 4402 utilissima
1333 4351 1387 4402 Ao

245 4435 276 4483 19
293 4450 417 4500 unquam
433 4436 546 4486 66610
611 4437 643 4486 23
660 4449 807 4501 nunquam
819 4432 871 4482 Ao
