3414 5122
242 699 592 812 ruinosum
628 699 889 814 reuniri
922 699 1118 812 savar
1152 696 1385 809 sonim
1410 665 1509 816 tt

370 980 602 1046 TRIGINTA
639 977 930 1044 SIGJLLORVM
964 975 1260 1042 EXPLIOATIO.

328 1902 431 1967 Omni
451 1900 634 1967 verborum
650 1899 888 1987 superstitiosa
905 1922 987 1964 cura
1004 1900 1142 1982 abacta,
1161 1899 1227 1965 tibi
1246 1922 1266 1964 a
1284 1898 1384 1964 nobis

240 2038 279 2094 ut
299 2029 575 2114 agglomeratum
592 2026 870 2112 implicitumque
885 2025 981 2091 fflum
997 2023 1238 2091 evolventibus
1258 2031 1292 2089 et
1309 2045 1387 2089 eno-

193 2162 214 2224 ὃ
238 2154 419 2237 dantibus,
440 2153 619 2238 velutique
637 2153 807 2219 occultam
838 2151 1147 2238 complicatemque
1173 2150 1280 2216 telam
1306 2149 1386 2214 edu-

238 2284 396 2351 centibus
417 2289 451 2349 et
470 2281 740 2369 explicantibus,
760 2281 923 2367 triginta,
945 2303 1029 2366 quos
1059 2279 1310 2362 ordinavimus,
1340 2278 1385 2343 si-

240 2408 317 2496 gilli
336 2408 550 2495 aperiuntur.

661 2627 732 2667 Prtrnl
746 2628 815 2677 sigilli
830 2628 960 2679 explicatio.

328 2797 478 2883 Campus
509 2803 582 2862 erat
610 2796 744 2882 primus
776 2794 930 2881 sigillare,
960 2816 1062 2880 quem
1092 2795 1200 2860 veluti
1229 2795 1383 2862 universi

174 2930 215 2993 10
237 2924 349 3010 operis
369 2923 575 3009 artificiiquo
595 2923 790 2988 subiectum
815 2928 951 3007 oportet
970 2943 1155 3007 apparasse
1178 2921 1284 3008 prius.
1304 2922 1384 3008 Ipse

237 3059 288 3115 est
312 3049 419 3131 locus,
441 3048 499 3133 qui
524 3049 561 3113 in
585 3048 735 3113 secunda
755 3047 910 3112 theoriae
940 3046 1057 3111 Artis
1088 3045 1384 3112 reminiscendi

237 3182 336 3260 parto
355 3194 416 3259 per
444 3173 599 3238 comunis
619 3172 825 3259 propriique
857 3171 1069 3236 differentias
1098 3170 1326 3256 distinguitur
1349 3177 1383 3235 et

238 3299 275 3363 in
293 3321 371 3364 suas
391 3298 520 3384 species
540 3320 657 3363 omnes
676 3297 905 3362 distribuitur.

325 3425 393 3489 Hic
405 3425 561 3510 perquiri
574 3425 758 3490 simulacra
772 3426 924 3489 locorum
937 3423 1049 3489 dicere
1065 3423 1261 3506 maluimus,
1279 3445 1381 3509 quam

173 3552 215 3615 15
238 3551 322 3617 loca.
343 3552 393 3616 Ea
413 3551 506 3616 enim
526 3574 603 3616 cum
623 3552 774 3618 externis
794 3551 1006 3617 obiiciuntur
1026 3551 1148 3634 oculiS,
1169 3551 1283 3616 minus
1310 3574 1384 3616 sen-

238 3677 331 3743 sibili
351 3677 547 3763 praescntia
567 3698 702 3741 movere
723 3677 966 3762 comperimus,
994 3699 1097 3761 quam
1128 3698 1205 3741 cum
1235 3676 1383 3742 internis

239 3802 478 3888 phantasticae
501 3800 680 3867 facultatis
705 3802 813 3867 oculis
833 3802 1006 3867 intentata
1030 3801 1294 3887 perlustrantur.
1314 3802 1381 3866 Hic

238 3927 316 3993 ideo
336 3927 570 4014 amplissimus
598 3927 693 3992 sinus
721 3926 922 3993 intitulatur
950 3927 1151 4013 phantasia,
1181 3926 1262 4012 (piria
1290 3926 1382 4012 quod

240 4053 464 4119 terminatum
489 4053 824 4140 determinatumque
843 4076 863 4117 a
882 4052 1038 4118 sensibus
1062 4051 1212 4117 externis
1231 4051 1379 4138 accepit,

330 4375 359 4425 ll
377 4373 502 4424 secunda
518 4373 615 4440 etc.]=
627 4373 705 4425 Cant.
726 4371 796 4426 (ἵνα.
816 4389 846 4437 p.
870 4369 1144 4434 221-232‚201mbr.
1210 4372 1241 4420 12
1258 4384 1380 4422 commu·

236 4454 281 4504 nis
298 4455 321 4505 (l
384 4456 415 4506 19
431 4457 549 4520 accaepit
563 4454 589 4503 P

369 4548 444 4588 Buusr
461 4549 515 4597 opp.
531 4549 571 4586 mr.
587 4547 620 4598 11,
639 4549 660 4587 2.
1195 4544 1220 4584 lt
