3414 5122
553 427 598 474 DE
618 427 775 475 Laurens:
796 426 1052 474 counrut'romn.

720 670 764 710 111.
780 669 914 710 Membrum.

324 888 415 952 Istae
442 893 524 952 sunt
547 885 694 970 triginta
718 907 777 949 sex
801 905 969 965 camerae,
995 904 1082 968 quae
1101 882 1240 969 quidem
1259 905 1300 946 ex
1320 881 1379 947 tri·

234 1012 318 1098 plici
351 1010 605 1096 significatione
638 1010 791 1097 ipsorum
819 1008 1068 1073 elementorum
1098 1007 1315 1073 constituunt
1338 1007 1377 1073 in

234 1159 351 1202 eornm
371 1136 595 1201 evacuatione
613 1134 725 1222 primo
746 1134 885 1220 quidem
904 1134 1084 1200 duodecim
1103 1134 1379 1221 propositiones;

190 1267 210 1331 5
235 1262 383 1328 secundo
412 1261 541 1348 viginti
565 1268 715 1346 quatuor
738 1261 969 1347 quaestiones,
996 1282 1083 1346 quae
1107 1282 1149 1324 ex
1173 1259 1306 1325 duabus
1329 1281 1380 1324 re·

233 1388 325 1475 gulis
343 1388 381 1453 in
404 1388 538 1454 duobus
561 1387 741 1452 elementis
765 1385 969 1473 significatis
993 1386 1175 1473 duplicant
1198 1384 1377 1451 duodecim

233 1515 310 1581 illas
329 1515 599 1602 propositiones3
620 1515 724 1580 tertio
744 1536 831 1599 quae
851 1512 1130 1599 multiplicantur
1153 1513 1379 1578 evacuatione

233 1640 387 1727 ipsarum
415 1641 606 1727 specierum
635 1639 804 1706 dictarum
830 1637 1044 1725 regularum3
1070 1645 1194 1723 quarto
1218 1659 1307 1723 quac
1330 1636 1381 1701 in-

232 1766 460 1853 terpositione
479 1768 625 1832 duorum
644 1766 835 1831 mediorum
853 1765 997 1851 perduc
1017 1764 1122 1829 etiam
1142 1762 1312 1828 elementa
1337 1761 1382 1826 si-

170 1898 212 1962 10
233 1893 478 1979 gnificatorum
506 1892 687 1958 duodecim
714 1891 836 1958 mediis
864 1891 1115 1979 propositiones
1147 1887 1382 1976 multiplican-

233 2026 304 2102 tur,
324 2025 364 2084 nt
382 2024 480 2105 patet
503 2018 540 2083 in
568 2024 664 2083 sexta
686 2023 786 2105 parte
811 2017 916 2082 Lullii
941 2024 1015 2083 tum
1040 2017 1077 2081 in
1101 2015 1200 2081 Arte
1234 2037 1382 2100 magna

234 2153 309 2209 tum
328 2144 366 2209 in
386 2145 483 2209 Arte
512 2165 651 2228 parva,
670 2165 757 2228 quae
777 2152 829 2209 est
847 2143 904 2208 De
933 2141 1203 2209 evacuatione
1230 2140 1381 2205 tertiae

235 2267 409 2355 figurae,
434 2268 625 2334 ordinatius
657 2274 773 2334 autem
801 2275 905 2353 atque
928 2267 1068 2334 brevius
1092 2267 1130 2333 in
1153 2265 1295 2348 nostrie,
1320 2265 1381 2331 ubi

236 2394 363 2460 sufficit
379 2394 416 2459 in
432 2417 566 2460 camera
584 2394 640 2459 BC
658 2393 940 2481 exemplificasse‚
952 2393 1071 2459 eodem
1087 2392 1188 2458 modo
1205 2415 1240 2458 se
1254 2391 1381 2455 haben-

171 2535 213 2599 15
236 2520 330 2585 tibus
350 2519 494 2586 caeteris
513 2519 666 2585 cameris.
688 2520 738 2585 Ea
758 2518 873 2585 omnia
892 2541 953 2606 per
978 2518 1063 2585 haec
1082 2542 1102 2584 a
1121 2518 1221 2583 nobis
1246 2515 1303 2582 hic
1324 2538 1383 2581 no-

237 2653 313 2711 tata
333 2645 462 2733 optimc
481 2652 626 2732 possunt
644 2643 796 2732 intelligi
815 2652 849 2710 et
868 2644 1024 2710 iudicari.

334 2952 364 3002 10
379 2948 630 3017 propositionibus
644 2949 668 3000 G
