3414 5122
250 399 311 456 280
691 415 830 458 1111111111
851 414 952 458 aavru

269 676 348 742 Osa.
372 678 436 742 IX.
466 678 529 742 DE
557 679 860 744 SIMPLIOITER
887 677 1382 745 APPREHENSIBILIBVS
1426 683 1458 744 d
1477 682 1533 743 8²

547 804 1094 872 SYNCATEGOREMATICIS.

743 1012 760 1050 1.
775 1010 909 1051 Membrana.

340 1180 486 1245 Peracta
510 1179 874 1264 categorematicorunr
898 1179 1185 1263 consideratione,
1206 1180 1251 1246 ad
1279 1181 1398 1246 termi-

208 1313 315 1374 enos
350 1306 722 1391 syncategorematicos
759 1314 1007 1391 consequenter
1040 1316 1268 1374 transeamus
1304 1307 1396 1372 Sunt

252 1438 367 1497 autem
386 1430 501 1496 decem
534 1431 773 1516 quaestionum
794 1433 907 1519 signa,
940 1432 1090 1516 adquae
1115 1433 1231 1497 omnia
1260 1433 1397 1519 reliqna

251 1556 368 1621 reduci
397 1578 495 1642 posse
527 1557 662 1622 Lullius
693 1557 871 1643 intelligit.
897 1557 1008 1634 Quam
1032 1580 1115 1622 sane
1143 1557 1395 1641 reductionem,

251 1682 474 1765 quantumvis
490 1681 712 1768 incomptam,
727 1694 765 1749 ut
781 1691 897 1748 tamen
911 1683 1019 1750 nihilo
1033 1684 1148 1749 minus
1161 1684 1395 1750 venerabilem

250 1809 500 1896 arnplectimur.
521 1810 588 1875 Hic
608 1811 750 1875 minime
770 1812 813 1876 ad
832 1811 1059 1875 terminorum
1076 1817 1128 1875 est
1147 1810 1396 1897 proprietatem

188 1941 228 2002 lo
252 1935 517 2023 respiciendum,
538 1936 596 2001 sed
615 1944 752 2002 tantum
777 1937 820 2000 ad
851 1960 928 2001 eum
951 1959 1052 2021 quem
1078 1944 1203 2001 nota-nt
1228 1935 1394 2019 ordinem,

251 2070 439 2143 texturam,
472 2061 755 2144 architecturam;
784 2062 874 2127 unde
908 2084 969 2148 pro
999 2061 1224 2147 dispositione
1259 2083 1301 2126 ex
1329 2059 1394 2126 hac

250 2187 384 2252 theoria
403 2185 463 2251 alii
480 2186 619 2271 quidem
637 2187 773 2269 melius,
794 2187 854 2252 alii
872 2208 953 2251 vero
973 2186 1087 2251 minus
1106 2186 1194 2252 bene
1212 2187 1256 2252 ad
1275 2186 1395 2251 inven-

253 2313 359 2378 tionis
387 2311 575 2395 iudiciique
604 2320 701 2377 actus
732 2313 872 2377 valeant
902 2311 1069 2376 incedere.
1101 2313 1169 2376 Hic
1199 2312 1291 2376 enim
1321 2333 1393 2376 non

250 2437 507 2515 fabricatorem,
528 2438 588 2522 qui
613 2459 753 2502 manum
782 2437 901 2523 lignis,
921 2437 1088 2502 lateribus
1108 2445 1142 2501 et
1162 2443 1317 2501 cemento
1334 2436 1393 2501 ad·

186 2562 226 2626 le
252 2568 382 2644 movet,
403 2561 462 2625 sed
482 2561 745 2626 architectonem
763 2562 923 2646 facimus,
945 2562 999 2627 1111
1024 2561 1172 2646 quodam
1192 2560 1323 2625 inculto
1343 2560 1394 2626 in·

251 2688 325 2753 dice
345 2696 381 2753 et
400 2688 476 2752 rudi
499 2688 647 2772 iltrudem
667 2688 890 2774 designatura
916 2686 1042 2752 sufficit
1061 2686 1107 2767 ei,
1129 2686 1189 2772 qui
1211 2685 1393 2773 pulchram

251 2813 488 2900 optimamque
508 2813 647 2877 donmm
667 2812 846 2877 aedificare
865 2813 1030 2894 intendit,
1050 2812 1152 2877 lineis
1171 2819 1206 2876 et
1225 2811 1391 2897 numeris,

250 2945 334 3024 quot
368 2938 418 3003 rei
450 2941 647 3025 propositae
682 2938 866 3003 necessitas
899 2938 1064 3022 exquirit,
1099 2938 1276 3003 modulum
1309 2938 1391 3005 insi-

248 3086 380 3128 nuasse.

182 3189 226 3250 20
338 3187 441 3252 Mitto
462 3187 554 3272 quod
573 3187 663 3252 sicut
681 3186 746 3252 hae
766 3187 882 3252 decem
907 3188 1124 3273 quaestiones
1145 3188 1188 3254 ad
1215 3188 1389 3254 combina-
1414 3196 1445 3256 d
1463 3195 1518 3257 gv

249 3311 356 3376 toriae
388 3313 473 3376 artis
493 3311 710 3378 commodum
740 3312 931 3377 necessario
951 3313 994 3377 ad
1015 3313 1244 3380 novenarium
1274 3336 1392 3379 nnme-

248 3459 323 3500 rum
349 3438 411 3502 sub
432 3459 555 3502 novem
581 3437 761 3502 elementis
780 3438 1048 3519 contrahuntur,
1075 3439 1125 3504 ita
1145 3446 1179 3503 et
1199 3440 1285 3504 alias
1304 3439 1390 3503 mul·

250 3568 315 3644 tue,
336 3584 420 3646 quas
439 3585 555 3648 posses
572 3562 742 3646 invenire,
765 3562 807 3627 ad
827 3585 883 3628 eos
903 3568 954 3643 (ut
974 3564 1094 3629 melius
1114 3563 1180 3629 tibi
1200 3564 1273 3628 fieri
1293 3585 1392 3650 posse

249 3686 398 3768 videtur)
419 3687 478 3772 qui
497 3688 650 3773 expressi
676 3697 757 3753 sunt
781 3688 898 3752 modos
922 3689 1145 3770 reducuntur,
1166 3689 1392 3773 quantumvis

182 3813 225 3876 ‘25
250 3834 290 3875 ex
310 3811 423 3898 rigore
453 3813 614 3900 propriae
642 3812 906 3898 significationis
930 3814 1071 3879 minime
1102 3814 1220 3879 reduci
1240 3813 1390 3879 valeant.

248 3936 339 4001 1111111
361 3938 454 4002 enim
476 3937 532 4003 hic
552 3936 767 4002 considerare
793 3948 940 4025 oportet,
957 3940 1066 4024 {equod
1088 3939 1172 4003 artis
1196 3938 1299 4004 huius
1324 3945 1392 4003 ter·
1420 3942 1526 4004 665

620 4150 903 4158 .—-—-—·-—-——-..—

342 4303 353 4348 l
370 4300 507 4350 (111».Χο
554 4301 578 4349 2.
586 4300 631 4350 413
644 4299 959 4356 Srucarroousuar'rcrs,
969 4300 1275 4359 categorematicorum
1289 4305 1334 4350 etc.
1352 4300 1375 4349 G
1383 4316 1389 4349 :

248 4381 575 4444 syncethegorematicis
589 4387 634 4429 etr.
649 4380 674 4429 P
738 4379 769 4429 18
785 4380 917 4431 incedere
931 4381 994 4431 AG:
1012 4381 1200 4444 11111111111113
1265 4381 1295 4431 14
1305 4379 1390 4430 ateri-

248 4460 304 4510 bus
322 4461 343 4511 (ι’
407 4461 446 4510 22.
460 4461 492 4511 ‘23
505 4461 578 4511 aliae
593 4459 700 4511 multae
714 4460 823 4511 carenda
838 4461 862 4511 0
