<?xml version="1.0" encoding="UTF-8"?>
<!DOCTYPE html PUBLIC "-//W3C//DTD XHTML 1.0 Transitional//EN"
    "http://www.w3.org/TR/xhtml1/DTD/xhtml1-transitional.dtd">
<html xmlns="http://www.w3.org/1999/xhtml" xml:lang="en" lang="en">
 <head>
  <title>
</title>
<meta http-equiv="Content-Type" content="text/html;charset=utf-8" />
  <meta name='ocr-system' content='tesseract 3.04.00' />
  <meta name='ocr-capabilities' content='ocr_page ocr_carea ocr_par ocr_line ocrx_word'/>
</head>
<body>
  <div class='ocr_page' id='page_1' title='image "./jordanibruninol03brungoog_0337.png"; bbox 0 0 3414 5122; ppageno 0'>
   <div class='ocr_carea' id='block_1_1' title="bbox 244 375 944 434">
    <p class='ocr_par' dir='ltr' id='par_1_1' title="bbox 244 375 944 434">
     <span class='ocr_line' id='line_1_1' title="bbox 244 375 944 434; baseline 0 -2"><span class='ocrx_word' id='word_1_1' title='bbox 244 375 302 433; x_wconf 74' lang='lat'>326</span> <span class='ocrx_word' id='word_1_2' title='bbox 682 388 821 434; x_wconf 76' lang='lat' dir='ltr'>rounam</span> <span class='ocrx_word' id='word_1_3' title='bbox 842 387 944 434; x_wconf 79' lang='lat' dir='ltr'>saum</span> 
     </span>
    </p>
   </div>
   <div class='ocr_carea' id='block_1_2' title="bbox 202 543 1527 1383">
    <p class='ocr_par' dir='ltr' id='par_1_2' title="bbox 333 543 1385 631">
     <span class='ocr_line' id='line_1_2' title="bbox 333 543 1385 631; baseline 0.001 -21"><span class='ocrx_word' id='word_1_4' title='bbox 333 545 426 610; x_wconf 88' lang='lat' dir='ltr'>Hinc</span> <span class='ocrx_word' id='word_1_5' title='bbox 444 544 667 610; x_wconf 71' lang='lat' dir='ltr'>certissimam</span> <span class='ocrx_word' id='word_1_6' title='bbox 693 544 974 631; x_wconf 79' lang='lat' dir='ltr'><strong>verissimamque</strong></span> <span class='ocrx_word' id='word_1_7' title='bbox 998 543 1255 611; x_wconf 83' lang='lat' dir='ltr'>demonstrandi</span> <span class='ocrx_word' id='word_1_8' title='bbox 1281 546 1385 611; x_wconf 89' lang='lat' dir='ltr'>ratio-</span> 
     </span>
    </p>

    <p class='ocr_par' dir='ltr' id='par_1_3' title="bbox 222 669 1385 758">
     <span class='ocr_line' id='line_1_3' title="bbox 222 669 1385 758; baseline 0 -23"><span class='ocrx_word' id='word_1_9' title='bbox 222 675 322 736; x_wconf 88' lang='lat' dir='ltr'>&#39;nem</span> <span class='ocrx_word' id='word_1_10' title='bbox 352 694 484 736; x_wconf 89' lang='lat' dir='ltr'>sumere</span> <span class='ocrx_word' id='word_1_11' title='bbox 502 671 593 736; x_wconf 88' lang='lat' dir='ltr'>licet.</span> <span class='ocrx_word' id='word_1_12' title='bbox 618 669 799 738; x_wconf 87' lang='lat' dir='ltr'>Undenam</span> <span class='ocrx_word' id='word_1_13' title='bbox 829 671 921 737; x_wconf 84' lang='lat' dir='ltr'>enirn</span> <span class='ocrx_word' id='word_1_14' title='bbox 953 672 1075 737; x_wconf 88' lang='lat' dir='ltr'>melius</span> <span class='ocrx_word' id='word_1_15' title='bbox 1098 670 1229 758; x_wconf 87' lang='lat' dir='ltr'>aliquid</span> <span class='ocrx_word' id='word_1_16' title='bbox 1258 670 1385 736; x_wconf 91' lang='lat' dir='ltr'>bonum</span> 
     </span>
    </p>

    <p class='ocr_par' dir='ltr' id='par_1_4' title="bbox 245 795 1386 883">
     <span class='ocr_line' id='line_1_4' title="bbox 245 795 1386 883; baseline 0 -22"><span class='ocrx_word' id='word_1_17' title='bbox 245 819 317 861; x_wconf 85' lang='lat' dir='ltr'>esse</span> <span class='ocrx_word' id='word_1_18' title='bbox 336 818 515 883; x_wconf 86' lang='lat' dir='ltr'>possumus</span> <span class='ocrx_word' id='word_1_19' title='bbox 531 796 782 881; x_wconf 83' lang='lat' dir='ltr'>argumentari,</span> <span class='ocrx_word' id='word_1_20' title='bbox 804 818 908 880; x_wconf 88' lang='lat' dir='ltr'>quam</span> <span class='ocrx_word' id='word_1_21' title='bbox 928 818 1027 861; x_wconf 89' lang='lat' dir='ltr'>exeo</span> <span class='ocrx_word' id='word_1_22' title='bbox 1057 795 1147 882; x_wconf 91' lang='lat' dir='ltr'>quod</span> <span class='ocrx_word' id='word_1_23' title='bbox 1177 796 1217 860; x_wconf 92' lang='lat' dir='ltr'>iv</span> <span class='ocrx_word' id='word_1_24' title='bbox 1225 819 1288 861; x_wconf 90' lang='lat' dir='ltr'>um</span> <span class='ocrx_word' id='word_1_25' title='bbox 1318 802 1386 879; x_wconf 92' lang='grc' dir='ltr'><strong>θεῖ,</strong></span> 
     </span>
    </p>

    <p class='ocr_par' dir='ltr' id='par_1_5' title="bbox 247 920 1384 1008">
     <span class='ocr_line' id='line_1_5' title="bbox 247 920 1384 1008; baseline -0.002 -21"><span class='ocrx_word' id='word_1_26' title='bbox 247 921 337 1006; x_wconf 87' lang='lat' dir='ltr'>quod</span> <span class='ocrx_word' id='word_1_27' title='bbox 365 922 495 988; x_wconf 84' lang='lat' dir='ltr'>scilicet</span> <span class='ocrx_word' id='word_1_28' title='bbox 520 921 729 1008; x_wconf 87' lang='lat' dir='ltr'>principium</span> <span class='ocrx_word' id='word_1_29' title='bbox 749 921 974 986; x_wconf 86' lang='lat' dir='ltr'>intrinsecum</span> <span class='ocrx_word' id='word_1_30' title='bbox 997 921 1123 987; x_wconf 88' lang='lat' dir='ltr'>habeat</span> <span class='ocrx_word' id='word_1_31' title='bbox 1146 920 1384 987; x_wconf 82' lang='lat' dir='ltr'>benefaciendi</span> 
     </span>
    </p>

    <p class='ocr_par' dir='ltr' id='par_1_6' title="bbox 202 1045 1527 1257">
     <span class='ocr_line' id='line_1_6' title="bbox 202 1045 1388 1134; baseline -0.001 -23"><span class='ocrx_word' id='word_1_32' title='bbox 202 1049 305 1112; x_wconf 79' lang='lat' dir='ltr'>bseu</span> <span class='ocrx_word' id='word_1_33' title='bbox 334 1045 483 1111; x_wconf 87' lang='lat' dir='ltr'>faciendi</span> <span class='ocrx_word' id='word_1_34' title='bbox 506 1046 612 1111; x_wconf 84' lang='lat' dir='ltr'>boni?</span> <span class='ocrx_word' id='word_1_35' title='bbox 639 1068 744 1131; x_wconf 90' lang='lat' dir='ltr'>quam</span> <span class='ocrx_word' id='word_1_36' title='bbox 774 1068 816 1111; x_wconf 80' lang='lat' dir='ltr'>ex</span> <span class='ocrx_word' id='word_1_37' title='bbox 840 1068 878 1113; x_wconf 90' lang='lat' dir='ltr'>eo</span> <span class='ocrx_word' id='word_1_38' title='bbox 909 1045 1001 1134; x_wconf 86' lang='lat' dir='ltr'>quod</span> <span class='ocrx_word' id='word_1_39' title='bbox 1031 1046 1136 1112; x_wconf 86' lang='lat' dir='ltr'>habet</span> <span class='ocrx_word' id='word_1_40' title='bbox 1168 1069 1250 1130; x_wconf 90' lang='lat' dir='ltr'>are,</span> <span class='ocrx_word' id='word_1_41' title='bbox 1281 1046 1388 1112; x_wconf 84' lang='lat' dir='ltr'>idest</span> 
     </span>
     <span class='ocr_line' id='line_1_7' title="bbox 247 1169 1527 1257; baseline 0 -20"><span class='ocrx_word' id='word_1_42' title='bbox 247 1171 459 1253; x_wconf 80' lang='lat' dir='ltr'>benefacere,</span> <span class='ocrx_word' id='word_1_43' title='bbox 480 1171 571 1257; x_wconf 89' lang='lat' dir='ltr'>quod</span> <span class='ocrx_word' id='word_1_44' title='bbox 589 1170 780 1248; x_wconf 70' lang='lat' dir='ltr'>beneifaoit</span> <span class='ocrx_word' id='word_1_45' title='bbox 798 1171 854 1237; x_wconf 87' lang='lat' dir='ltr'>vel</span> <span class='ocrx_word' id='word_1_46' title='bbox 877 1170 1005 1238; x_wconf 92' lang='lat' dir='ltr'>bonum</span> <span class='ocrx_word' id='word_1_47' title='bbox 1025 1169 1142 1254; x_wconf 87' lang='lat' dir='ltr'>efficit,</span> <span class='ocrx_word' id='word_1_48' title='bbox 1164 1170 1253 1237; x_wconf 87' lang='lat' dir='ltr'>sicut</span> <span class='ocrx_word' id='word_1_49' title='bbox 1283 1172 1388 1237; x_wconf 88' lang='lat' dir='ltr'>solem</span> <span class='ocrx_word' id='word_1_50' title='bbox 1412 1174 1449 1236; x_wconf 88' lang='lat' dir='ltr'>h</span> <span class='ocrx_word' id='word_1_51' title='bbox 1468 1175 1527 1237; x_wconf 75' lang='lat' dir='ltr'>3r</span> 
     </span>
    </p>

    <p class='ocr_par' dir='ltr' id='par_1_7' title="bbox 247 1295 1386 1383">
     <span class='ocr_line' id='line_1_8' title="bbox 247 1295 1386 1383; baseline 0.001 -21"><span class='ocrx_word' id='word_1_52' title='bbox 247 1319 319 1362; x_wconf 86' lang='lat' dir='ltr'>esse</span> <span class='ocrx_word' id='word_1_53' title='bbox 347 1295 497 1362; x_wconf 90' lang='lat' dir='ltr'>calidum</span> <span class='ocrx_word' id='word_1_54' title='bbox 524 1320 567 1361; x_wconf 86' lang='lat' dir='ltr'>ex</span> <span class='ocrx_word' id='word_1_55' title='bbox 595 1320 633 1362; x_wconf 91' lang='lat' dir='ltr'>eo</span> <span class='ocrx_word' id='word_1_56' title='bbox 663 1296 755 1382; x_wconf 86' lang='lat' dir='ltr'>quod</span> <span class='ocrx_word' id='word_1_57' title='bbox 782 1295 953 1380; x_wconf 87' lang='lat' dir='ltr'>calefacit,</span> <span class='ocrx_word' id='word_1_58' title='bbox 973 1296 1126 1362; x_wconf 85' lang='lat' dir='ltr'>lucidum</span> <span class='ocrx_word' id='word_1_59' title='bbox 1158 1321 1200 1362; x_wconf 85' lang='lat' dir='ltr'>ex</span> <span class='ocrx_word' id='word_1_60' title='bbox 1231 1319 1270 1362; x_wconf 91' lang='lat' dir='ltr'>eo</span> <span class='ocrx_word' id='word_1_61' title='bbox 1297 1297 1386 1383; x_wconf 87' lang='lat' dir='ltr'>quod</span> 
     </span>
    </p>
   </div>
   <div class='ocr_carea' id='block_1_3' title="bbox 247 1409 1390 1508">
    <p class='ocr_par' dir='ltr' id='par_1_8' title="bbox 247 1409 1390 1508">
     <span class='ocr_line' id='line_1_9' title="bbox 247 1409 1390 1508; baseline -0.001 -20"><span class='ocrx_word' id='word_1_62' title='bbox 247 1423 352 1506; x_wconf 86' lang='lat' dir='ltr'>lucet,</span> <span class='ocrx_word' id='word_1_63' title='bbox 370 1423 488 1488; x_wconf 88' lang='lat' dir='ltr'>lunam</span> <span class='ocrx_word' id='word_1_64' title='bbox 508 1409 805 1488; x_wconf 80' lang='lat' dir='ltr'>esse&#39;luminosam</span> <span class='ocrx_word' id='word_1_65' title='bbox 825 1445 866 1487; x_wconf 86' lang='lat' dir='ltr'>ex</span> <span class='ocrx_word' id='word_1_66' title='bbox 885 1444 924 1489; x_wconf 94' lang='lat' dir='ltr'>eo</span> <span class='ocrx_word' id='word_1_67' title='bbox 942 1421 1032 1508; x_wconf 88' lang='lat' dir='ltr'>quod</span> <span class='ocrx_word' id='word_1_68' title='bbox 1049 1421 1280 1506; x_wconf 87' lang='lat' dir='ltr'>illuminatur,</span> <span class='ocrx_word' id='word_1_69' title='bbox 1297 1422 1390 1508; x_wconf 82' lang='lat' dir='ltr'>quod</span> 
     </span>
    </p>
   </div>
   <div class='ocr_carea' id='block_1_4' title="bbox 183 1547 1525 3890">
    <p class='ocr_par' dir='ltr' id='par_1_9' title="bbox 183 1547 1525 3890">
     <span class='ocr_line' id='line_1_10' title="bbox 248 1547 1389 1635; baseline 0 -22"><span class='ocrx_word' id='word_1_70' title='bbox 248 1554 300 1613; x_wconf 86' lang='lat' dir='ltr'>est</span> <span class='ocrx_word' id='word_1_71' title='bbox 321 1570 384 1635; x_wconf 90' lang='lat' dir='ltr'>per</span> <span class='ocrx_word' id='word_1_72' title='bbox 403 1554 521 1613; x_wconf 88' lang='lat' dir='ltr'>atum.</span> <span class='ocrx_word' id='word_1_73' title='bbox 542 1547 616 1612; x_wconf 88' lang='lat' dir='ltr'>Hoc</span> <span class='ocrx_word' id='word_1_74' title='bbox 636 1569 707 1612; x_wconf 88' lang='lat' dir='ltr'>non</span> <span class='ocrx_word' id='word_1_75' title='bbox 727 1554 778 1613; x_wconf 89' lang='lat' dir='ltr'>est</span> <span class='ocrx_word' id='word_1_76' title='bbox 799 1547 978 1613; x_wconf 75' lang='lat' dir='ltr'>ostendere</span> <span class='ocrx_word' id='word_1_77' title='bbox 997 1568 1058 1634; x_wconf 92' lang='lat' dir='ltr'>per</span> <span class='ocrx_word' id='word_1_78' title='bbox 1077 1547 1257 1630; x_wconf 83' lang='lat' dir='ltr'>effectum,</span> <span class='ocrx_word' id='word_1_79' title='bbox 1277 1570 1389 1633; x_wconf 90' lang='lat' dir='ltr'>neque</span> 
     </span>
     <span class='ocr_line' id='line_1_11' title="bbox 183 1673 1525 1762; baseline -0.001 -25"><span class='ocrx_word' id='word_1_80' title='bbox 183 1683 226 1746; x_wconf 87' lang='lat'>10</span> <span class='ocrx_word' id='word_1_81' title='bbox 248 1696 309 1759; x_wconf 90' lang='lat' dir='ltr'>per</span> <span class='ocrx_word' id='word_1_82' title='bbox 328 1695 478 1755; x_wconf 86' lang='lat' dir='ltr'>causam,</span> <span class='ocrx_word' id='word_1_83' title='bbox 492 1695 602 1758; x_wconf 89' lang='lat' dir='ltr'>neque</span> <span class='ocrx_word' id='word_1_84' title='bbox 619 1695 680 1759; x_wconf 89' lang='lat' dir='ltr'>per</span> <span class='ocrx_word' id='word_1_85' title='bbox 698 1680 893 1758; x_wconf 88' lang='lat' dir='ltr'>utrumque.</span> <span class='ocrx_word' id='word_1_86' title='bbox 912 1673 998 1739; x_wconf 84' lang='lat' dir='ltr'>Cum</span> <span class='ocrx_word' id='word_1_87' title='bbox 1012 1674 1105 1739; x_wconf 86' lang='lat' dir='ltr'>enim</span> <span class='ocrx_word' id='word_1_88' title='bbox 1126 1679 1131 1762; x_wconf 76' lang='grc'>1</span> <span class='ocrx_word' id='word_1_89' title='bbox 1152 1674 1295 1739; x_wconf 85' lang='lat' dir='ltr'>ostendo</span> <span class='ocrx_word' id='word_1_90' title='bbox 1307 1673 1393 1739; x_wconf 90' lang='lat' dir='ltr'>veri·</span> <span class='ocrx_word' id='word_1_91' title='bbox 1418 1673 1525 1737; x_wconf 69' lang='lat'>701</span> 
     </span>
     <span class='ocr_line' id='line_1_12' title="bbox 248 1797 1392 1886; baseline 0.002 -24"><span class='ocrx_word' id='word_1_92' title='bbox 248 1804 356 1864; x_wconf 88' lang='lat' dir='ltr'>tatem</span> <span class='ocrx_word' id='word_1_93' title='bbox 375 1797 456 1862; x_wconf 87' lang='lat' dir='ltr'>solis</span> <span class='ocrx_word' id='word_1_94' title='bbox 471 1820 533 1884; x_wconf 89' lang='lat' dir='ltr'>per</span> <span class='ocrx_word' id='word_1_95' title='bbox 548 1820 643 1862; x_wconf 86' lang='lat' dir='ltr'>suam</span> <span class='ocrx_word' id='word_1_96' title='bbox 660 1798 787 1881; x_wconf 91' lang='lat' dir='ltr'>lucem,</span> <span class='ocrx_word' id='word_1_97' title='bbox 805 1821 875 1863; x_wconf 88' lang='lat' dir='ltr'>nou</span> <span class='ocrx_word' id='word_1_98' title='bbox 892 1798 1034 1874; x_wconf 83' lang='lat' dir='ltr'>ostendo</span> <span class='ocrx_word' id='word_1_99' title='bbox 1053 1822 1114 1886; x_wconf 89' lang='lat' dir='ltr'>per</span> <span class='ocrx_word' id='word_1_100' title='bbox 1134 1798 1311 1880; x_wconf 83' lang='lat' dir='ltr'>effectum3</span> <span class='ocrx_word' id='word_1_101' title='bbox 1329 1799 1392 1864; x_wconf 83' lang='lat' dir='ltr'>lux</span> 
     </span>
     <span class='ocr_line' id='line_1_13' title="bbox 249 1921 1392 2010; baseline 0.001 -22"><span class='ocrx_word' id='word_1_102' title='bbox 249 1924 341 1989; x_wconf 88' lang='lat' dir='ltr'>enim</span> <span class='ocrx_word' id='word_1_103' title='bbox 361 1945 430 1988; x_wconf 91' lang='lat' dir='ltr'>non</span> <span class='ocrx_word' id='word_1_104' title='bbox 450 1930 501 1988; x_wconf 90' lang='lat' dir='ltr'>est</span> <span class='ocrx_word' id='word_1_105' title='bbox 519 1921 666 1988; x_wconf 89' lang='lat' dir='ltr'>effectus</span> <span class='ocrx_word' id='word_1_106' title='bbox 686 1923 782 2006; x_wconf 77' lang='lat' dir='ltr'>solia,</span> <span class='ocrx_word' id='word_1_107' title='bbox 802 1923 891 1989; x_wconf 88' lang='lat' dir='ltr'>sicut</span> <span class='ocrx_word' id='word_1_108' title='bbox 914 1947 1025 2010; x_wconf 88' lang='lat' dir='ltr'>neque</span> <span class='ocrx_word' id='word_1_109' title='bbox 1049 1925 1159 2009; x_wconf 86' lang='lat' dir='ltr'>calor,</span> <span class='ocrx_word' id='word_1_110' title='bbox 1184 1932 1223 1990; x_wconf 91' lang='lat' dir='ltr'>ut</span> <span class='ocrx_word' id='word_1_111' title='bbox 1248 1925 1320 1990; x_wconf 90' lang='lat' dir='ltr'>eius</span> <span class='ocrx_word' id='word_1_112' title='bbox 1340 1931 1392 1989; x_wconf 91' lang='lat' dir='ltr'>est</span> 
     </span>
     <span class='ocr_line' id='line_1_14' title="bbox 250 2049 1393 2136; baseline -0.001 -21"><span class='ocrx_word' id='word_1_113' title='bbox 250 2050 360 2116; x_wconf 88' lang='lat' dir='ltr'>forma</span> <span class='ocrx_word' id='word_1_114' title='bbox 389 2057 554 2136; x_wconf 88' lang='lat' dir='ltr'>perpetuo</span> <span class='ocrx_word' id='word_1_115' title='bbox 585 2049 776 2114; x_wconf 88' lang='lat' dir='ltr'>subiectum</span> <span class='ocrx_word' id='word_1_116' title='bbox 803 2051 1050 2135; x_wconf 78' lang='lat' dir='ltr'>concomitanS,</span> <span class='ocrx_word' id='word_1_117' title='bbox 1075 2073 1145 2117; x_wconf 91' lang='lat' dir='ltr'>non</span> <span class='ocrx_word' id='word_1_118' title='bbox 1174 2058 1225 2116; x_wconf 89' lang='lat' dir='ltr'>est</span> <span class='ocrx_word' id='word_1_119' title='bbox 1249 2049 1393 2116; x_wconf 87' lang='lat' dir='ltr'>effectus</span> 
     </span>
     <span class='ocr_line' id='line_1_15' title="bbox 250 2173 1392 2262; baseline 0 -22"><span class='ocrx_word' id='word_1_120' title='bbox 250 2175 356 2262; x_wconf 82' lang='lat' dir='ltr'>iguis;</span> <span class='ocrx_word' id='word_1_121' title='bbox 375 2174 433 2241; x_wconf 87' lang='lat' dir='ltr'>sed</span> <span class='ocrx_word' id='word_1_122' title='bbox 451 2174 511 2240; x_wconf 84' lang='lat' dir='ltr'>lux</span> <span class='ocrx_word' id='word_1_123' title='bbox 530 2173 590 2238; x_wconf 90' lang='lat' dir='ltr'>illa</span> <span class='ocrx_word' id='word_1_124' title='bbox 609 2196 697 2259; x_wconf 90' lang='lat' dir='ltr'>quae</span> <span class='ocrx_word' id='word_1_125' title='bbox 716 2180 767 2238; x_wconf 86' lang='lat' dir='ltr'>est</span> <span class='ocrx_word' id='word_1_126' title='bbox 786 2174 830 2239; x_wconf 89' lang='lat' dir='ltr'>ab</span> <span class='ocrx_word' id='word_1_127' title='bbox 859 2174 918 2241; x_wconf 91' lang='lat' dir='ltr'>illo</span> <span class='ocrx_word' id='word_1_128' title='bbox 945 2175 981 2240; x_wconf 91' lang='lat' dir='ltr'>in</span> <span class='ocrx_word' id='word_1_129' title='bbox 1009 2197 1132 2262; x_wconf 88' lang='lat' dir='ltr'>corpus</span> <span class='ocrx_word' id='word_1_130' title='bbox 1161 2175 1392 2241; x_wconf 83' lang='lat' dir='ltr'>illuminabile</span> 
     </span>
     <span class='ocr_line' id='line_1_16' title="bbox 186 2299 1393 2389; baseline -0.001 -22"><span class='ocrx_word' id='word_1_131' title='bbox 186 2310 228 2373; x_wconf 80' lang='lat'>15</span> <span class='ocrx_word' id='word_1_132' title='bbox 251 2302 388 2382; x_wconf 84' lang='lat' dir='ltr'>diffusa,</span> <span class='ocrx_word' id='word_1_133' title='bbox 409 2307 443 2365; x_wconf 92' lang='lat' dir='ltr'>et</span> <span class='ocrx_word' id='word_1_134' title='bbox 463 2301 554 2366; x_wconf 88' lang='lat' dir='ltr'>calor</span> <span class='ocrx_word' id='word_1_135' title='bbox 570 2300 635 2364; x_wconf 84' lang='lat' dir='ltr'>iste</span> <span class='ocrx_word' id='word_1_136' title='bbox 654 2299 715 2385; x_wconf 90' lang='lat' dir='ltr'>qui</span> <span class='ocrx_word' id='word_1_137' title='bbox 734 2300 957 2366; x_wconf 84' lang='lat' dir='ltr'>calefactibili</span> <span class='ocrx_word' id='word_1_138' title='bbox 986 2301 1140 2368; x_wconf 88' lang='lat' dir='ltr'>subiecto</span> <span class='ocrx_word' id='word_1_139' title='bbox 1159 2301 1393 2389; x_wconf 77' lang='lat' dir='ltr'>imprimitur,</span> 
     </span>
     <span class='ocr_line' id='line_1_17' title="bbox 252 2425 1393 2512; baseline 0 -21"><span class='ocrx_word' id='word_1_140' title='bbox 252 2433 333 2491; x_wconf 86' lang='lat' dir='ltr'>sunt</span> <span class='ocrx_word' id='word_1_141' title='bbox 351 2425 492 2491; x_wconf 87' lang='lat' dir='ltr'>effectus</span> <span class='ocrx_word' id='word_1_142' title='bbox 510 2425 613 2491; x_wconf 86' lang='lat' dir='ltr'>huius</span> <span class='ocrx_word' id='word_1_143' title='bbox 632 2434 667 2490; x_wconf 91' lang='lat' dir='ltr'>et</span> <span class='ocrx_word' id='word_1_144' title='bbox 687 2426 795 2491; x_wconf 86' lang='lat' dir='ltr'>illius:</span> <span class='ocrx_word' id='word_1_145' title='bbox 816 2425 885 2490; x_wconf 84' lang='lat' dir='ltr'>tale</span> <span class='ocrx_word' id='word_1_146' title='bbox 903 2426 1013 2512; x_wconf 85' lang='lat' dir='ltr'>igitur</span> <span class='ocrx_word' id='word_1_147' title='bbox 1045 2449 1111 2492; x_wconf 89' lang='lat' dir='ltr'>are</span> <span class='ocrx_word' id='word_1_148' title='bbox 1142 2434 1176 2493; x_wconf 93' lang='lat' dir='ltr'>et</span> <span class='ocrx_word' id='word_1_149' title='bbox 1189 2433 1331 2512; x_wconf 68' lang='lat' dir='ltr'>atum,</span> <span class='ocrx_word' id='word_1_150' title='bbox 1356 2427 1393 2492; x_wconf 87' lang='lat' dir='ltr'>id</span> 
     </span>
     <span class='ocr_line' id='line_1_18' title="bbox 251 2550 1394 2637; baseline 0 -19"><span class='ocrx_word' id='word_1_151' title='bbox 251 2559 304 2618; x_wconf 89' lang='grc' dir='ltr'>θεῖ</span> <span class='ocrx_word' id='word_1_152' title='bbox 334 2552 402 2617; x_wconf 88' lang='lat' dir='ltr'>tale</span> <span class='ocrx_word' id='word_1_153' title='bbox 432 2574 532 2637; x_wconf 85' lang='lat' dir='ltr'>agere</span> <span class='ocrx_word' id='word_1_154' title='bbox 556 2558 590 2615; x_wconf 91' lang='lat' dir='ltr'>et</span> <span class='ocrx_word' id='word_1_155' title='bbox 612 2551 663 2617; x_wconf 91' lang='lat' dir='ltr'>ita</span> <span class='ocrx_word' id='word_1_156' title='bbox 683 2559 806 2616; x_wconf 88' lang='lat' dir='ltr'>natura</span> <span class='ocrx_word' id='word_1_157' title='bbox 826 2550 987 2616; x_wconf 79' lang='lat' dir='ltr'>affectum</span> <span class='ocrx_word' id='word_1_158' title='bbox 1011 2575 1097 2636; x_wconf 87' lang='lat' dir='ltr'>esse,</span> <span class='ocrx_word' id='word_1_159' title='bbox 1128 2552 1178 2618; x_wconf 92' lang='lat' dir='ltr'>rei</span> <span class='ocrx_word' id='word_1_160' title='bbox 1211 2553 1394 2618; x_wconf 88' lang='lat' dir='ltr'>veritatem</span> 
     </span>
     <span class='ocr_line' id='line_1_19' title="bbox 252 2675 1395 2762; baseline -0.001 -19"><span class='ocrx_word' id='word_1_161' title='bbox 252 2700 322 2743; x_wconf 91' lang='lat' dir='ltr'>non</span> <span class='ocrx_word' id='word_1_162' title='bbox 350 2677 393 2742; x_wconf 91' lang='lat' dir='ltr'>ab</span> <span class='ocrx_word' id='word_1_163' title='bbox 411 2676 536 2741; x_wconf 86' lang='lat' dir='ltr'>effectu</span> <span class='ocrx_word' id='word_1_164' title='bbox 562 2698 673 2762; x_wconf 87' lang='lat' dir='ltr'>neque</span> <span class='ocrx_word' id='word_1_165' title='bbox 700 2699 720 2741; x_wconf 90' lang='lat' dir='ltr'>a</span> <span class='ocrx_word' id='word_1_166' title='bbox 743 2677 857 2759; x_wconf 86' lang='lat' dir='ltr'>ca&#39;usa,</span> <span class='ocrx_word' id='word_1_167' title='bbox 884 2675 944 2741; x_wconf 84' lang='lat' dir='ltr'>sed</span> <span class='ocrx_word' id='word_1_168' title='bbox 972 2677 1015 2742; x_wconf 86' lang='lat' dir='ltr'>ab</span> <span class='ocrx_word' id='word_1_169' title='bbox 1039 2700 1078 2743; x_wconf 87' lang='lat' dir='ltr'>eo</span> <span class='ocrx_word' id='word_1_170' title='bbox 1103 2677 1195 2762; x_wconf 89' lang='lat' dir='ltr'>quod</span> <span class='ocrx_word' id='word_1_171' title='bbox 1218 2686 1269 2742; x_wconf 88' lang='grc' dir='ltr'>θεῖ</span> <span class='ocrx_word' id='word_1_172' title='bbox 1294 2678 1331 2742; x_wconf 90' lang='lat' dir='ltr'>in</span> <span class='ocrx_word' id='word_1_173' title='bbox 1355 2700 1395 2742; x_wconf 91' lang='lat' dir='ltr'>ea</span> 
     </span>
     <span class='ocr_line' id='line_1_20' title="bbox 253 2801 1393 2888; baseline 0.001 -22"><span class='ocrx_word' id='word_1_174' title='bbox 253 2803 341 2888; x_wconf 87' lang='lat' dir='ltr'>ipsa,</span> <span class='ocrx_word' id='word_1_175' title='bbox 361 2802 550 2867; x_wconf 85' lang='lat' dir='ltr'>insinuaut.</span> <span class='ocrx_word' id='word_1_176' title='bbox 575 2803 617 2867; x_wconf 89' lang='lat' dir='ltr'>In</span> <span class='ocrx_word' id='word_1_177' title='bbox 641 2801 683 2867; x_wconf 83' lang='lat' dir='ltr'>iis</span> <span class='ocrx_word' id='word_1_178' title='bbox 713 2802 796 2866; x_wconf 90' lang='lat' dir='ltr'>item</span> <span class='ocrx_word' id='word_1_179' title='bbox 825 2825 912 2888; x_wconf 85' lang='lat' dir='ltr'>quae</span> <span class='ocrx_word' id='word_1_180' title='bbox 942 2803 1143 2869; x_wconf 75' lang='lat' dir='ltr'>coordinata</span> <span class='ocrx_word' id='word_1_181' title='bbox 1173 2810 1254 2868; x_wconf 85' lang='lat' dir='ltr'>sunt</span> <span class='ocrx_word' id='word_1_182' title='bbox 1284 2811 1319 2867; x_wconf 87' lang='lat' dir='ltr'>et</span> <span class='ocrx_word' id='word_1_183' title='bbox 1350 2804 1393 2869; x_wconf 90' lang='lat' dir='ltr'>ab</span> 
     </span>
     <span class='ocr_line' id='line_1_21' title="bbox 187 2927 1394 3014; baseline -0.002 -18"><span class='ocrx_word' id='word_1_184' title='bbox 187 2932 232 2996; x_wconf 81' lang='lat'>20</span> <span class='ocrx_word' id='word_1_185' title='bbox 254 2927 402 2993; x_wconf 89' lang='lat' dir='ltr'>invicem</span> <span class='ocrx_word' id='word_1_186' title='bbox 429 2927 674 3014; x_wconf 83' lang='lat' dir='ltr'>inseparabilia</span> <span class='ocrx_word' id='word_1_187' title='bbox 694 2927 801 3010; x_wconf 86' lang='lat' dir='ltr'>(utin</span> <span class='ocrx_word' id='word_1_188' title='bbox 825 2927 1107 2992; x_wconf 84' lang='lat' dir='ltr'>correlativorum</span> <span class='ocrx_word' id='word_1_189' title='bbox 1126 2928 1394 2993; x_wconf 85' lang='lat' dir='ltr'>contrariorum·</span> 
     </span>
     <span class='ocr_line' id='line_1_22' title="bbox 256 3051 1395 3138; baseline 0.002 -21"><span class='ocrx_word' id='word_1_190' title='bbox 256 3077 321 3138; x_wconf 87' lang='lat' dir='ltr'>que</span> <span class='ocrx_word' id='word_1_191' title='bbox 340 3054 526 3119; x_wconf 84' lang='lat' dir='ltr'>existentia</span> <span class='ocrx_word' id='word_1_192' title='bbox 543 3061 594 3118; x_wconf 83' lang='lat' dir='ltr'>est</span> <span class='ocrx_word' id='word_1_193' title='bbox 611 3054 714 3118; x_wconf 86' lang='lat' dir='ltr'>etiam</span> <span class='ocrx_word' id='word_1_194' title='bbox 732 3051 966 3135; x_wconf 84' lang='lat' dir='ltr'>manifestum)</span> <span class='ocrx_word' id='word_1_195' title='bbox 981 3054 1067 3118; x_wconf 88' lang='lat' dir='ltr'>citra</span> <span class='ocrx_word' id='word_1_196' title='bbox 1087 3055 1256 3119; x_wconf 85' lang='lat' dir='ltr'>rationem</span> <span class='ocrx_word' id='word_1_197' title='bbox 1273 3076 1395 3119; x_wconf 85' lang='lat' dir='ltr'>causae</span> 
     </span>
     <span class='ocr_line' id='line_1_23' title="bbox 255 3178 1400 3266; baseline 0.002 -23"><span class='ocrx_word' id='word_1_198' title='bbox 255 3187 289 3244; x_wconf 90' lang='lat' dir='ltr'>ct</span> <span class='ocrx_word' id='word_1_199' title='bbox 309 3179 449 3244; x_wconf 85' lang='lat' dir='ltr'>effectus</span> <span class='ocrx_word' id='word_1_200' title='bbox 469 3178 646 3266; x_wconf 81' lang='lat' dir='ltr'>potissime</span> <span class='ocrx_word' id='word_1_201' title='bbox 665 3178 838 3264; x_wconf 88' lang='lat' dir='ltr'>contingit</span> <span class='ocrx_word' id='word_1_202' title='bbox 857 3179 1099 3245; x_wconf 84' lang='lat' dir='ltr'>demonstrare.</span> <span class='ocrx_word' id='word_1_203' title='bbox 1116 3179 1183 3244; x_wconf 87' lang='lat' dir='ltr'>Sed</span> <span class='ocrx_word' id='word_1_204' title='bbox 1197 3179 1301 3245; x_wconf 90' lang='lat' dir='ltr'>huius</span> <span class='ocrx_word' id='word_1_205' title='bbox 1320 3202 1400 3245; x_wconf 91' lang='lat' dir='ltr'>con-</span> 
     </span>
     <span class='ocr_line' id='line_1_24' title="bbox 256 3304 1400 3390; baseline 0.001 -20"><span class='ocrx_word' id='word_1_206' title='bbox 256 3305 475 3370; x_wconf 85' lang='lat' dir='ltr'>siderationis</span> <span class='ocrx_word' id='word_1_207' title='bbox 503 3306 615 3370; x_wconf 90' lang='lat' dir='ltr'>locum</span> <span class='ocrx_word' id='word_1_208' title='bbox 646 3304 729 3368; x_wconf 85' lang='lat' dir='ltr'>satis</span> <span class='ocrx_word' id='word_1_209' title='bbox 759 3304 797 3368; x_wconf 91' lang='lat' dir='ltr'>in</span> <span class='ocrx_word' id='word_1_210' title='bbox 827 3304 1099 3390; x_wconf 82' lang='lat' dir='ltr'>praesentiarum</span> <span class='ocrx_word' id='word_1_211' title='bbox 1119 3305 1289 3371; x_wconf 85' lang='lat' dir='ltr'>indicasse</span> <span class='ocrx_word' id='word_1_212' title='bbox 1308 3306 1400 3371; x_wconf 88' lang='lat' dir='ltr'>suffi-</span> 
     </span>
     <span class='ocr_line' id='line_1_25' title="bbox 257 3429 1398 3517; baseline 0 -22"><span class='ocrx_word' id='word_1_213' title='bbox 257 3432 340 3514; x_wconf 86' lang='lat' dir='ltr'>ciat,</span> <span class='ocrx_word' id='word_1_214' title='bbox 362 3431 390 3494; x_wconf 85' lang='lat' dir='ltr'>si</span> <span class='ocrx_word' id='word_1_215' title='bbox 410 3431 549 3516; x_wconf 72' lang='lat' dir='ltr'>(pridem</span> <span class='ocrx_word' id='word_1_216' title='bbox 569 3430 610 3495; x_wconf 85' lang='lat' dir='ltr'>de</span> <span class='ocrx_word' id='word_1_217' title='bbox 628 3429 691 3495; x_wconf 88' lang='lat' dir='ltr'>hoc</span> <span class='ocrx_word' id='word_1_218' title='bbox 712 3429 786 3517; x_wconf 85' lang='lat' dir='ltr'>ipso</span> <span class='ocrx_word' id='word_1_219' title='bbox 805 3430 908 3495; x_wconf 88' lang='lat' dir='ltr'>latius</span> <span class='ocrx_word' id='word_1_220' title='bbox 924 3430 1009 3494; x_wconf 91' lang='lat' dir='ltr'>alibi</span> <span class='ocrx_word' id='word_1_221' title='bbox 1029 3431 1164 3496; x_wconf 87' lang='lat' dir='ltr'>anobis</span> <span class='ocrx_word' id='word_1_222' title='bbox 1184 3431 1316 3497; x_wconf 82' lang='lat' dir='ltr'>dictum</span> <span class='ocrx_word' id='word_1_223' title='bbox 1336 3438 1398 3496; x_wconf 86' lang='lat' dir='ltr'>est.</span> 
     </span>
     <span class='ocr_line' id='line_1_26' title="bbox 190 3555 1401 3642; baseline 0.002 -22"><span class='ocrx_word' id='word_1_224' title='bbox 190 3556 233 3620; x_wconf 71' lang='lat'>‘25</span> <span class='ocrx_word' id='word_1_225' title='bbox 258 3558 309 3622; x_wconf 92' lang='lat' dir='ltr'>De</span> <span class='ocrx_word' id='word_1_226' title='bbox 329 3556 430 3622; x_wconf 66' lang='lat' dir='ltr'>morlo</span> <span class='ocrx_word' id='word_1_227' title='bbox 449 3563 578 3637; x_wconf 82' lang='lat' dir='ltr'>autom,</span> <span class='ocrx_word' id='word_1_228' title='bbox 599 3577 666 3641; x_wconf 87' lang='lat' dir='ltr'>quo</span> <span class='ocrx_word' id='word_1_229' title='bbox 695 3579 737 3620; x_wconf 86' lang='lat' dir='ltr'>cx</span> <span class='ocrx_word' id='word_1_230' title='bbox 767 3555 1000 3642; x_wconf 82' lang='lat' dir='ltr'>appropriatis</span> <span class='ocrx_word' id='word_1_231' title='bbox 1028 3557 1250 3642; x_wconf 85' lang='lat' dir='ltr'>subiectoque</span> <span class='ocrx_word' id='word_1_232' title='bbox 1280 3579 1401 3623; x_wconf 89' lang='lat' dir='ltr'>conve·</span> 
     </span>
     <span class='ocr_line' id='line_1_27' title="bbox 258 3677 1399 3766; baseline -0.001 -21"><span class='ocrx_word' id='word_1_233' title='bbox 258 3680 448 3761; x_wconf 88' lang='lat' dir='ltr'>nientibus,</span> <span class='ocrx_word' id='word_1_234' title='bbox 467 3686 506 3745; x_wconf 88' lang='lat' dir='ltr'>ut</span> <span class='ocrx_word' id='word_1_235' title='bbox 521 3678 679 3766; x_wconf 82' lang='lat' dir='ltr'>partibus</span> <span class='ocrx_word' id='word_1_236' title='bbox 699 3686 733 3743; x_wconf 88' lang='lat' dir='ltr'>et</span> <span class='ocrx_word' id='word_1_237' title='bbox 752 3678 933 3765; x_wconf 75' lang='lat' dir='ltr'>principiis</span> <span class='ocrx_word' id='word_1_238' title='bbox 954 3701 1040 3764; x_wconf 87' lang='lat' dir='ltr'>quae</span> <span class='ocrx_word' id='word_1_239' title='bbox 1059 3686 1141 3743; x_wconf 86' lang='lat' dir='ltr'>sunt</span> <span class='ocrx_word' id='word_1_240' title='bbox 1160 3679 1197 3744; x_wconf 89' lang='lat' dir='ltr'>in</span> <span class='ocrx_word' id='word_1_241' title='bbox 1217 3677 1309 3744; x_wconf 79' lang='lat' dir='ltr'>facto</span> <span class='ocrx_word' id='word_1_242' title='bbox 1326 3703 1399 3766; x_wconf 83' lang='lat' dir='ltr'>per·</span> 
     </span>
     <span class='ocr_line' id='line_1_28' title="bbox 258 3803 1398 3890; baseline 0.001 -20"><span class='ocrx_word' id='word_1_243' title='bbox 258 3805 447 3888; x_wconf 86' lang='lat' dir='ltr'>manentia,</span> <span class='ocrx_word' id='word_1_244' title='bbox 465 3813 568 3890; x_wconf 88' lang='lat' dir='ltr'>atque</span> <span class='ocrx_word' id='word_1_245' title='bbox 589 3804 737 3890; x_wconf 80' lang='lat' dir='ltr'>propriis</span> <span class='ocrx_word' id='word_1_246' title='bbox 760 3803 1001 3870; x_wconf 84' lang='lat' dir='ltr'>affectionibus</span> <span class='ocrx_word' id='word_1_247' title='bbox 1025 3803 1158 3890; x_wconf 84' lang='lat' dir='ltr'>aliquid</span> <span class='ocrx_word' id='word_1_248' title='bbox 1183 3804 1224 3869; x_wconf 89' lang='lat' dir='ltr'>de</span> <span class='ocrx_word' id='word_1_249' title='bbox 1243 3805 1398 3871; x_wconf 80' lang='lat' dir='ltr'>subiecto</span> 
     </span>
    </p>
   </div>
   <div class='ocr_carea' id='block_1_5' title="bbox 258 3929 1343 4016">
    <p class='ocr_par' dir='ltr' id='par_1_10' title="bbox 258 3929 1343 4016">
     <span class='ocr_line' id='line_1_29' title="bbox 258 3929 1343 4016; baseline 0.001 -22"><span class='ocrx_word' id='word_1_250' title='bbox 258 3930 340 3996; x_wconf 86' lang='lat' dir='ltr'>licet</span> <span class='ocrx_word' id='word_1_251' title='bbox 358 3930 553 4012; x_wconf 82' lang='lat' dir='ltr'>enunciare,</span> <span class='ocrx_word' id='word_1_252' title='bbox 575 3929 612 3993; x_wconf 85' lang='lat' dir='ltr'>iu</span> <span class='ocrx_word' id='word_1_253' title='bbox 631 3929 865 4016; x_wconf 81' lang='lat' dir='ltr'>superioribus</span> <span class='ocrx_word' id='word_1_254' title='bbox 885 3931 968 3996; x_wconf 69' lang='lat' dir='ltr'>sartis</span> <span class='ocrx_word' id='word_1_255' title='bbox 988 3930 1343 3995; x_wconf 77' lang='lat' dir='ltr'>cornrnonstravinurs,</span> 
     </span>
    </p>
   </div>
   <div class='ocr_carea' id='block_1_6' title="bbox 261 4243 1398 4394">
    <p class='ocr_par' dir='ltr' id='par_1_11' title="bbox 261 4243 1398 4394">
     <span class='ocr_line' id='line_1_30' title="bbox 353 4243 1398 4311; baseline 0.004 -17"><span class='ocrx_word' id='word_1_256' title='bbox 353 4246 368 4294; x_wconf 73' lang='grc' dir='ltr'><strong>ὃ</strong></span> <span class='ocrx_word' id='word_1_257' title='bbox 385 4243 605 4310; x_wconf 71' lang='lat' dir='ltr'>l&#39;interroqctiao</span> <span class='ocrx_word' id='word_1_258' title='bbox 617 4244 629 4293; x_wconf 79' lang='grc' dir='ltr'><em>ὲ</em></span> <span class='ocrx_word' id='word_1_259' title='bbox 639 4244 765 4307; x_wconf 70' lang='lat' dir='ltr'>piarum</span> <span class='ocrx_word' id='word_1_260' title='bbox 778 4246 815 4296; x_wconf 84' lang='lat' dir='ltr'>da</span> <span class='ocrx_word' id='word_1_261' title='bbox 823 4261 910 4311; x_wconf 76' lang='lat' dir='ltr'>parre</span> <span class='ocrx_word' id='word_1_262' title='bbox 922 4246 991 4309; x_wconf 79' lang='lat' dir='ltr'>dopo</span> <span class='ocrx_word' id='word_1_263' title='bbox 1006 4252 1085 4297; x_wconf 88' lang='lat' dir='ltr'>utum</span> <span class='ocrx_word' id='word_1_264' title='bbox 1099 4265 1117 4296; x_wconf 81' lang='lat' dir='ltr'>a</span> <span class='ocrx_word' id='word_1_265' title='bbox 1130 4264 1154 4297; x_wconf 88' lang='lat' dir='ltr'>v.</span> <span class='ocrx_word' id='word_1_266' title='bbox 1171 4249 1187 4295; x_wconf 89' lang='lat'><em>9</em></span> <span class='ocrx_word' id='word_1_267' title='bbox 1249 4247 1280 4296; x_wconf 74' lang='lat'>24</span> <span class='ocrx_word' id='word_1_268' title='bbox 1294 4248 1329 4311; x_wconf 87' lang='lat' dir='ltr'>cf.</span> <span class='ocrx_word' id='word_1_269' title='bbox 1342 4246 1398 4298; x_wconf 73' lang='lat' dir='ltr'>‘De</span> 
     </span>
     <span class='ocr_line' id='line_1_31' title="bbox 261 4325 1278 4394; baseline 0.001 -16"><span class='ocrx_word' id='word_1_270' title='bbox 261 4326 290 4378; x_wconf 80' lang='lat' dir='ltr'>la</span> <span class='ocrx_word' id='word_1_271' title='bbox 303 4331 408 4390; x_wconf 73' lang='lat' dir='ltr'>causa&#39;,</span> <span class='ocrx_word' id='word_1_272' title='bbox 426 4329 495 4392; x_wconf 80' lang='lat' dir='ltr'>Opp.</span> <span class='ocrx_word' id='word_1_273' title='bbox 508 4325 568 4377; x_wconf 73' lang='lat' dir='ltr'>ilat.</span> <span class='ocrx_word' id='word_1_274' title='bbox 584 4327 623 4377; x_wconf 79' lang='lat' dir='ltr'>al.</span> <span class='ocrx_word' id='word_1_275' title='bbox 642 4328 680 4376; x_wconf 79' lang='lat' dir='ltr'>Ile</span> <span class='ocrx_word' id='word_1_276' title='bbox 694 4327 821 4392; x_wconf 72' lang='lat' dir='ltr'>Laparde</span> <span class='ocrx_word' id='word_1_277' title='bbox 832 4345 861 4391; x_wconf 80' lang='lat' dir='ltr'>p.</span> <span class='ocrx_word' id='word_1_278' title='bbox 878 4329 967 4388; x_wconf 79' lang='lat' dir='ltr'>2ao,2</span> <span class='ocrx_word' id='word_1_279' title='bbox 1030 4328 1061 4378; x_wconf 77' lang='lat'>‘27</span> <span class='ocrx_word' id='word_1_280' title='bbox 1078 4334 1163 4394; x_wconf 86' lang='lat' dir='ltr'>atque</span> <span class='ocrx_word' id='word_1_281' title='bbox 1176 4336 1238 4387; x_wconf 79' lang='lat' dir='ltr'>(ex)</span> <span class='ocrx_word' id='word_1_282' title='bbox 1254 4328 1278 4379; x_wconf 76' lang='lat' dir='ltr'><em>G</em></span> 
     </span>
    </p>
   </div>
   <div class='ocr_carea' id='block_1_7' title="bbox 0 0 1727 5122">
    <p class='ocr_par' dir='ltr' id='par_1_12' title="bbox 0 0 1727 5122">
     <span class='ocr_line' id='line_1_32' title="bbox 0 0 1727 5122; baseline 0 0"><span class='ocrx_word' id='word_1_283' title='bbox 0 0 1727 5122; x_wconf 95' lang='lat' dir='ltr'> </span> 
     </span>
    </p>
   </div>
  </div>
 </body>
</html>
