3414 5122
296 374 353 432 178
498 396 505 403 ·
735 384 874 428 mamm
895 385 996 428 narni

295 543 526 625 diaeticum,
548 564 616 628 qua
638 563 715 606 cera
738 541 931 626 liquescit,
955 541 1067 605 lutum
1084 541 1248 624 durescit3
1269 541 1352 606 haec
1371 565 1441 606 ere·
1466 559 1492 607 e
1511 547 1553 607 1¹·

299 678 408 752 scunt,
420 668 478 732 illa
492 668 706 748 (lecreseunt3
721 666 897 731 intereunt-
907 666 999 747 haec,
1012 667 1070 730 illa
1083 667 1320 731 reviviscunt?
1336 667 1442 733 Num-

299 798 382 884 quid
400 819 526 884 genero
546 795 691 860 (liversis
711 802 745 859 et
765 794 829 858 sub
853 793 971 859 eodem
994 817 1118 879 genere
1149 796 1261 881 specie
1281 795 1441 862 differen-

260 914 266 921 ’
300 927 393 991 tibus
416 924 609 1006 effeefihna
629 944 753 1008 genere
772 921 952 1008 specieque
973 920 1117 987 dirersis
1141 923 1276 988 actibus
1294 924 1443 990 virtutes

254 1065 274 1125 5
298 1053 428 1141 pariter
445 1052 598 1117 diversas
617 1056 722 1135 atque
741 1047 938 1114 differentes
968 1049 1006 1113 in
1035 1049 1158 1115 caloris
1187 1059 1311 1116 natura
1342 1051 1445 1117 eollo-

298 1180 476 1247 cabimus?

389 1305 459 1370 Cur
478 1303 539 1368 ubi
558 1301 717 1366 Plotinus
737 1300 826 1365 dixit
849 1301 941 1368 inter
963 1301 1250 1388 imaginationem
1279 1311 1313 1367 et
1342 1303 1443 1368 intel-

298 1435 426 1500 lectum
444 1429 619 1517 geminam
649 1427 782 1514 primae
810 1426 955 1492 rationis
979 1427 1141 1514 speciem,
1165 1428 1309 1492 alteram
1329 1451 1446 1516 specu-

298 1560 441 1625 lativam
476 1562 674 1643 surgentem
706 1554 750 1619 ad
783 1553 1011 1637 intellectum,
1047 1556 1191 1620 alteram
1221 1556 1373 1621 activam
1400 1556 1445 1622 ad

236 1699 278 1762 10
299 1683 582 1770 imaginationem
613 1681 728 1767 potius
756 1679 1001 1759 declinantem,
1031 1704 1177 1766 quantun
1201 1682 1316 1748 activa
1339 1704 1446 1747 semo-

301 1811 369 1878 tior
388 1819 439 1875 est
459 1833 478 1874 a
497 1816 626 1888 mente,
643 1805 680 1871 in
699 1806 816 1871 labore
833 1806 949 1892 posita
967 1814 1001 1870 et
1021 1806 1272 1891 quodammodo
1293 1807 1447 1872 serviens

301 1935 465 2016 artemia,
502 1933 715 2019 speculativa
750 1939 865 1996 autem
894 1932 1069 1996 contraria
1098 1955 1133 1996 se
1165 1932 1270 1997 habet
1293 1932 1447 2015 rat-ionc;

302 2083 362 2127 cur
379 2061 521 2145 inquam
542 2080 611 2123 non
631 2057 790 2140 dixerim,
809 2056 963 2122 eamdem
993 2057 1187 2144 potentiam
1216 2058 1272 2122 liic
1296 2067 1331 2124 et
1356 2080 1449 2123 nunc

301 2186 494 2273 passivam,
514 2183 745 2263 laborantem,
765 2182 1009 2266 declinantem,
1030 2192 1114 2247 tunc
1137 2190 1171 2246 ct
1191 2181 1242 2247 ibi
1261 2182 1449 2269 adsurgen-

238 2316 279 2378 lr')
303 2320 388 2393 tem,
419 2333 489 2374 non
520 2308 735 2373 laborantem
765 2315 799 2371 et
827 2309 1000 2372 activam?
1029 2308 1158 2372 Eadem
1187 2315 1278 2372 certe
1302 2317 1448 2374 naturae

302 2439 356 2502 vis
378 2444 442 2518 cst,
464 2457 532 2519 qua
550 2442 662 2498 terrae
676 2455 756 2519 para
773 2433 810 2496 in
829 2454 890 2497 auo
907 2433 981 2498 loco
999 2433 1145 2518 quiescit
1161 2433 1217 2499 vel
1241 2433 1450 2499 naturaliter

302 2566 549 2641 commovetur,
586 2564 620 2623 et
654 2580 722 2643 qua
757 2558 799 2622 ael
833 2580 934 2623 suum
961 2559 1076 2624 locum
1106 2558 1255 2646 seposita
1275 2557 1449 2625 adnititur

304 2692 408 2771 atquo
440 2684 567 2765 fertur3
593 2684 705 2770 allecia
735 2690 851 2749 tamen
881 2692 994 2749 mot-ns
1014 2684 1101 2749 alter
1131 2684 1175 2749 ab
1195 2685 1303 2750 altero
1323 2685 1449 2750 differt.

305 2812 375 2877 Cur
404 2811 461 2875 ubi
493 2809 664 2896 triplicem
698 2809 813 2894 tangit
844 2810 1013 2875 rationem
1041 2810 1201 2896 (primam
1222 2833 1390 2876 summam
1416 2817 1450 2875 et

240 2941 284 3001 ‘lo
307 2937 452 3002 ideale-rn
472 2936 509 3000 in
529 2934 720 3016 intellectu,
739 2957 826 3020 quae
842 2935 915 3021 ipse
932 2941 984 3000 eat
998 2935 1208 3019 intellectus,
1227 2936 1322 3000 ouius
1339 2959 1451 3022 neque

308 3087 379 3128 esso
399 3085 512 3148 nequo
531 3061 620 3126 actio
641 3070 692 3125 est
715 3059 752 3124 in
782 3061 945 3144 rnateria3
971 3061 1155 3127 aee-unllam
1182 3062 1383 3127 seminalem
1414 3064 1451 3129 in

305 3189 442 3253 animae
467 3187 576 3273 ipsius
599 3193 739 3265 natura,
765 3185 861 3249 citius
880 3207 950 3250 non
969 3194 1040 3250 tani
1060 3210 1131 3251 esse
1161 3210 1262 3271 quam
1294 3188 1385 3252 aetio
1406 3189 1451 3252 sit

306 3314 341 3378 in
363 3312 508 3378 materia
520 3336 526 3394 ;
540 3310 678 3376 tertiam
692 3309 881 3392 formalem=
898 3311 933 3375 id
950 3319 1001 3376 eat
1018 3312 1282 3395 substantiale-m
1298 3314 1451 3399 corporis

308 3440 473 3517 tbrmani,
495 3436 591 3502 cuius¹
615 3443 649 3500 et
680 3459 752 3500 ease
780 3443 814 3500 et
843 3437 933 3502 aetio
957 3437 1060 3502 siniul
1080 3446 1130 3502 eat
1150 3438 1187 3502 in
1209 3439 1379 3520 materia),
1401 3439 1451 3503 ibi

241 3571 283 3632 ‘25
311 3586 380 3628 non
401 3561 489 3626 dixit
508 3562 679 3627 rationem
698 3560 889 3647 simplicem
913 3563 1098 3648 tripliciter
1128 3586 1190 3649 pro
1218 3563 1451 3628 subiectorum

307 3689 474 3753 varietata
495 3711 530 3752 se
549 3687 754 3752 habentem?

675 3903 708 3942 na
723 3903 804 3950 quarto
820 3902 984 3950 progressionis
999 3903 1079 3951 gradu.
1472 3901 1496 3950 Θ
1518 3889 1562 3950 1v

395 4071 479 4159 <all
504 4072 616 4157 Supra
631 4071 777 4135 rationis
792 4077 907 4135 actum
927 4072 1121 4137 intellectus
1138 4080 1253 4137 actum
1270 4073 1449 4154 collocant,

308 4220 410 4282 quem
432 4197 602 4283 duplicem
622 4219 694 4261 ease
714 4197 825 4279 aiunt;
846 4197 1044 4262 sicutenim
1064 4221 1166 4284 super
1183 4199 1334 4264 animam
1354 4200 1451 4284 quani
1477 4210 1584 4274 568

402 4459 433 4510 12
450 4458 596 4509 habeatG
659 4459 864 4511 13eandemG
927 4459 959 4510 28
976 4458 1040 4518 (34.)
1056 4475 1105 4510 orn.
1122 4460 1146 4509 1>
