3414 5122
318 387 339 448 8
757 398 897 444 11111111
917 395 1020 442 naum

319 583 422 648 quam
435 558 631 626 earumdem
643 579 714 623 non
730 561 904 622 coarctata
919 554 1103 638 limitibus,
1117 552 1160 619 ad
1176 551 1261 617 alias
1275 549 1461 618 facultates

318 686 475 770 morales,
496 682 712 751 mechanicas
731 688 766 748 et
788 704 850 768 per
868 680 1067 747 universum
1082 699 1242 767 operosas
1254 673 1461 763 regulandas

317 812 457 877 valeant
480 808 652 876 inclinari.
672 807 798 873 Nullus
823 806 929 891 enim,
955 805 1016 892 qui
1039 803 1291 892 principiorum
1315 801 1462 866 istorum

317 937 485 1003 trutinam
509 933 698 1023 praeterire
720 931 845 1020 possit,
871 938 967 997 extat
993 930 1142 997 habitus.
1168 926 1386 994 Conveniens
1410 925 1461 991 ni·

273 1064 295 1128 b
317 1062 444 1128 mirum
463 1067 516 1126 est
534 1067 638 1146 atque
660 1056 837 1145 possibile,
859 1061 864 1144 Ι
884 1062 924 1123 11
943 1079 1021 1123 eum
1040 1055 1077 1120 in
1097 1053 1251 1139 modum,
1270 1073 1336 1139 quo
1355 1056 1462 1129 meta·
1485 1052 1539 1114 4v

316 1186 461 1275 physica
486 1185 688 1251 universum
711 1205 786 1268 ens,
807 1181 898 1268 quod
921 1181 959 1247 in
978 1180 1210 1247 substantiam
1234 1177 1403 1245 dividitur
1427 1183 1461 1242 et

317 1310 489 1394 accidens,
513 1309 581 1376 sibi
603 1309 768 1397 proponit
791 1307 978 1393 obiectum,
1004 1306 1173 1394 quaedam
1196 1305 1299 1371 unica
1317 1325 1460 1391 genera-

316 1439 449 1524 liorque
469 1460 529 1503 ens
548 1435 692 1504 rationis
708 1458 786 1502 oum
802 1442 881 1501 ente
896 1434 981 1501 reali
997 1440 1078 1520 (quo
1097 1433 1238 1500 tandem
1257 1429 1458 1515 multitude,

317 1565 550 1651 cuiuscunque
569 1564 615 1631 sit
633 1562 786 1651 generis,
806 1561 850 1628 ad
869 1561 1060 1649 simplicem
1080 1559 1197 1626 reduci
1215 1559 1326 1646 possit
1348 1557 1461 1625 unita-

251 1688 294 1752 10
317 1695 400 1776 tem)
420 1689 676 1778 complectatur.

688 1913 795 1964 Dignius
809 1913 905 1954 subiecti
919 1923 981 1954 cons.
996 1912 1054 1964 Cap.
1066 1913 1087 1953 6.

403 2082 649 2150 consideratae
681 2083 732 2149 rei
766 2083 919 2169 dignitas
947 2083 984 2148 in
1013 2081 1220 2148 certitudine
1248 2081 1460 2169 assequutio·

315 2210 383 2294 nis,
403 2209 441 2274 in
460 2208 702 2296 compendiosa
725 2207 943 2275 tractationis
966 2207 1135 2273 facilitate
1159 2214 1263 2293 atque
1287 2209 1339 2273 sui
1358 2230 1459 2295 gene-

314 2333 363 2400 ris
382 2331 601 2418 sufficientia,
616 2333 722 2419 inque
738 2332 890 2399 eiusdem
909 2338 1078 2399 tractatae
1097 2332 1147 2398 rei
1167 2332 1383 2416 omnitmoda
1401 2356 1460 2400 no·
1484 2345 1594 2410 240

250 2461 292 2526 15
316 2459 452 2526 bilitate
469 2458 536 2526 sita
553 2465 613 2526 est.
632 2459 723 2538 Quid
740 2459 833 2525 enim
849 2459 1020 2546 (quamvis
1036 2481 1108 2526 non
1126 2482 1168 2525 ex
1184 2459 1336 2527 definitis
1355 2467 1460 2547 atque

315 2584 465 2673 propriis
484 2585 677 2673 expressius
695 2584 929 2651 demonstrare
943 2585 1076 2668 doceat)
1092 2607 1208 2652 nonne
1224 2585 1459 2672 cuiuscunque

316 2709 495 2777 facultatis
512 2710 732 2776 nobilitatem
751 2709 862 2775 ambit
881 2716 985 2796 atque
1004 2710 1291 2798 comprehendit?

729 2935 757 2983 Q.
773 2936 849 2986 partas
864 2934 941 2977 facult.
956 2932 1012 2988 cap.
1026 2937 1048 2977 ’1.

404 3104 501 3169 Duae
530 3102 672 3169 huiusce
701 3103 786 3169 artis
813 3103 979 3170 beneficio
1016 3104 1233 3192 complentur
1258 3104 1457 3190 facultates,

248 3232 292 3297 20
314 3227 406 3294 unde
424 3227 510 3294 duas
530 3233 628 3313 (quas
646 3228 830 3295 virtuteles
853 3228 1019 3311 dicerent)
1036 3228 1075 3296 in
1098 3253 1133 3297 se
1152 3230 1308 3297 continet
1325 3238 1457 3319 part-es,

315 3376 461 3439 quarum
493 3354 601 3419 altera
634 3353 678 3419 ad
711 3353 960 3438 inventionem,
991 3354 1160 3439 ordinem,
1195 3356 1457 3444 dispositionem

315 3477 549 3564 iudiciumque
565 3478 692 3562 tendit,
710 3478 818 3545 altera
834 3478 1088 3563 adinventum,
1109 3480 1323 3566 ordinatum,
1343 3481 1458 3569 dispo·

314 3602 420 3669 situm
439 3610 474 3669 et
492 3603 684 3671 iudicatum
702 3603 870 3692 perducit.

651 3832 678 3880 Q.
694 3831 810 3875 facultati·
823 3833 911 3884 primae
925 3836 1011 3884 partes.
1025 3832 1082 3884 cap.
1096 3835 1117 3875 8.
1481 3814 1533 3878 5¹⁸

247 4014 290 4077 25
402 4001 523 4069 Prima
540 4001 578 4067 in
597 4008 667 4068 tres
694 4009 811 4090 partes
831 4002 1098 4069 discriminatur.
1123 4001 1280 4068 Primum
1304 4002 1457 4068 enimin

313 4150 352 4192 ea
384 4127 560 4214 portione,
591 4150 694 4213 quam
723 4127 945 4215 alphabetum
974 4126 1127 4214 appellat
1150 4127 1213 4212 (ibi
1241 4127 1334 4194 enim
1358 4128 1459 4215 quasi

407 4394 637 4446 lcarundemG
684 4391 1002 4459 5.6Methaphiaica1’
1049 4394 1079 4442 11
1097 4392 1272 4443 considerati
1292 4391 1331 4442 0:
1351 4409 1367 4442 ο
1377 4393 1457 4458 forse

314 4473 557 4527 considerationis
572 4475 619 4541 (cf.
632 4491 661 4542 p.
677 4477 706 4538 6,
720 4476 746 4526 9.
761 4472 925 4539 73211112
978 4475 1008 4525 18
1023 4472 1211 4525 facultatiaG
1256 4471 1456 4524 20111111)
