3414 5122
542 458 548 466 .
642 431 789 476 sisimvs
810 429 1019 475 sisinnouvu.
1341 412 1396 471 167

254 589 441 654 effectuum
474 593 658 673 parentem
677 586 751 671 (qui
784 585 941 673 proxime
975 587 1081 653 allata
1104 608 1206 653 causa
1239 586 1398 673 geminus

254 720 318 796 ast)
338 713 542 779 daemonem
578 733 744 798 magnum
777 711 967 799 appellavit
1002 711 1206 798 antiquitas,
1243 733 1345 796 quem
1369 711 1398 776 si
1424 714 1530 777 558

254 838 322 904 tibi
350 837 482 904 affabre
503 837 758 920 conciliaveris,
770 839 865 903 omui
883 838 1003 924 procul
1016 837 1121 905 dubio
1133 837 1184 902 nil
1204 837 1270 904 tibi
1282 859 1399 923 super-

254 964 321 1029 erit
348 962 498 1029 difficile.
533 964 673 1049 Itaque,
699 973 803 1051 prout
830 963 982 1051 expedit,
1014 963 1276 1051 explicavimus,
1307 962 1398 1029 unde

210 1098 231 1162 5
255 1088 356 1175 quasi
374 1110 437 1174 per
467 1094 577 1153 artem
597 1110 668 1154 non
697 1089 807 1154 solum
831 1111 946 1156 rerum
976 1089 1187 1170 memoriam,
1213 1088 1271 1154 sed
1290 1094 1325 1153 et
1343 1110 1399 1152 ve-

254 1213 397 1280 ritatem
417 1219 522 1299 atque
546 1213 753 1300 sapientiam
780 1237 843 1301 per
861 1214 1059 1281 universum
1078 1213 1265 1279 humanam
1288 1213 1398 1300 possis

255 1337 400 1423 assequi.

736 1619 814 1660 Prima
827 1621 924 1661 cautela.

348 1842 401 1906 24.
421 1842 551 1908 Verum
572 1842 615 1908 ad
642 1840 738 1926 haec,
763 1841 966 1930 praesertim
993 1864 1074 1909 vero
1093 1843 1137 1909 ad
1166 1843 1397 1930 Hesperidum

191 1972 234 2035 10
256 1967 475 2053 genitricem,
507 1967 657 2032 cautelas
676 1967 820 2032 minime
842 1989 912 2032 non
940 1967 1148 2034 necessarias
1179 1968 1397 2055 explicemus.

257 2092 411 2169 Quarum
445 2093 558 2179 prima
593 2091 673 2157 inde
708 2091 916 2157 desumenda
950 2099 1014 2174 est,
1045 2092 1137 2178 quod
1168 2114 1399 2178 eorumquae

256 2219 414 2285 sensibus
448 2219 595 2284 internis
629 2219 768 2304 (quibus
800 2217 929 2284 formas
961 2217 1110 2305 adfigere
1145 2221 1398 2303 consuevimus)

257 2352 540 2432 praesentantur,
561 2343 729 2429 quaedam
748 2350 830 2409 sunt
848 2344 991 2430 figurae,
1023 2343 1131 2426 idola,
1152 2344 1334 2440 imagines,
1356 2347 1399 2411 si-

258 2470 426 2555 mulacra,
446 2468 656 2556 exemplaria
680 2491 767 2555 pura
803 2469 859 2534 vel
876 2468 1008 2535 virtute
1031 2469 1262 2536 machinantis
1287 2471 1398 2558 phan-

190 2600 232 2664 15
255 2594 365 2661 tasiae
384 2593 540 2672 confusa,
571 2592 758 2678 disiuncta,
794 2601 985 2680 compacta,
1020 2593 1194 2677 ordinata3
1230 2592 1398 2681 quaedam

254 2742 335 2787 vero
355 2741 397 2784 ex
415 2717 611 2785 istiusmodi
630 2719 729 2803 quasi
747 2717 1021 2805 parturientibus
1040 2719 1078 2784 in
1097 2742 1235 2786 sensum
1254 2720 1398 2809 phanta

256 2845 363 2912 sticae
381 2843 542 2911 facultati
566 2843 806 2910 succedentem
824 2843 961 2910 iniecta.
987 2845 1096 2911 Primi
1115 2847 1252 2933 generis
1277 2855 1398 2914 extent

255 2971 297 3036 de
317 2969 539 3036 sensibilibus
552 2969 605 3055 iis,
619 2992 706 3055 quae
718 2992 833 3036 secum
845 2969 1083 3037 innotescendi
1095 2972 1240 3037 trahunt
1256 2970 1398 3038 faculta-

256 3104 335 3182 tem,
353 3095 590 3162 accidentibus
606 3095 810 3160 indumenta
828 3095 1091 3162 subsistentium
1111 3097 1397 3184 compositorum;

188 3220 398 3293 resecandi
427 3221 564 3307 generis
589 3220 787 3287 affectiones
817 3223 997 3309 quaedam,
1022 3245 1109 3308 quae
1140 3246 1217 3289 cum
1237 3246 1306 3290 non
1327 3223 1398 3289 sint

254 3348 457 3415 indumenta
477 3346 757 3433 compositorum,
771 3347 913 3413 minime
926 3348 1064 3434 quidem
1079 3371 1141 3436 per
1156 3372 1192 3415 se
1208 3372 1257 3435 se,
1276 3371 1397 3415 verum

254 3495 333 3538 cum
348 3471 419 3537 illis
439 3477 544 3557 atque
562 3470 702 3558 perillo
726 3472 763 3537 in
787 3472 1048 3558 cogitationem,
1064 3482 1282 3561 praesentem
1296 3473 1351 3540 int
1371 3474 1398 3539 l-

254 3596 382 3663 lectum
402 3603 506 3682 atque
526 3596 725 3662 memoriam
745 3597 961 3685 ingeruntur.

345 3721 397 3786 25.
420 3721 709 3787 Phantasmatum
729 3722 838 3808 igitur
857 3728 1017 3808 (quorum
1036 3725 1224 3810 speculatio
1244 3748 1398 3791 necessa·
1423 3737 1453 3798 d
1473 3737 1525 3799 3ιι

187 3851 231 3915 25
256 3846 308 3911 ria
326 3846 449 3928 l'ertur)
469 3846 677 3911 concinnare
696 3847 826 3933 species
845 3857 996 3935 oportet,
1020 3857 1060 3915 ut
1082 3850 1166 3916 felix
1200 3851 1238 3916 in
1262 3850 1397 3916 actibus

258 3973 519 4039 succedentium
537 3974 773 4060 potentiarum
785 3974 944 4058 habeare,
958 3977 1169 4064 adaptantur
1182 3984 1307 4061 autem,
1320 3998 1397 4042 eum

257 4099 345 4165 tales
365 4099 571 4183 redduntur,
593 4121 679 4184 quae
697 4122 760 4186 per
778 4123 814 4164 se
830 4099 921 4187 ipsas
937 4104 1076 4169 valeant
1095 4102 1222 4169 formas
1237 4125 1307 4169 nou
1324 4125 1397 4168 sen·

261 4224 379 4290 sibiles
402 4223 521 4290 accire.
553 4224 731 4290 Eiusmodi
750 4247 831 4290 vero
861 4227 1030 4311 quomodo
1060 4226 1217 4314 effingas,
1241 4227 1270 4293 si
1298 4249 1398 4293 nosse

258 4406 1189 4414 -—-————————---—·--—-—————.--—-.-

346 4497 396 4547 5.6
412 4499 579 4549 varietatem
595 4497 620 4548 P
