<?xml version="1.0" encoding="UTF-8"?>
<!DOCTYPE html PUBLIC "-//W3C//DTD XHTML 1.0 Transitional//EN"
    "http://www.w3.org/TR/xhtml1/DTD/xhtml1-transitional.dtd">
<html xmlns="http://www.w3.org/1999/xhtml" xml:lang="en" lang="en">
 <head>
  <title>
</title>
<meta http-equiv="Content-Type" content="text/html;charset=utf-8" />
  <meta name='ocr-system' content='tesseract 3.04.00' />
  <meta name='ocr-capabilities' content='ocr_page ocr_carea ocr_par ocr_line ocrx_word'/>
</head>
<body>
  <div class='ocr_page' id='page_1' title='image "./jordanibruninol03brungoog_0096.png"; bbox 0 0 3414 5122; ppageno 0'>
   <div class='ocr_carea' id='block_1_1' title="bbox 675 414 986 462">
    <p class='ocr_par' dir='ltr' id='par_1_1' title="bbox 675 414 986 462">
     <span class='ocr_line' id='line_1_1' title="bbox 675 414 986 462; baseline 0 -3"><span class='ocrx_word' id='word_1_1' title='bbox 675 415 833 462; x_wconf 74' lang='lat' dir='ltr'>TRIGINTA</span> <span class='ocrx_word' id='word_1_2' title='bbox 857 414 986 460; x_wconf 56' lang='lat'><strong>810112111.</strong></span> 
     </span>
    </p>
   </div>
   <div class='ocr_carea' id='block_1_2' title="bbox 524 681 1141 764">
    <p class='ocr_par' dir='ltr' id='par_1_2' title="bbox 524 681 1141 764">
     <span class='ocr_line' id='line_1_2' title="bbox 524 681 1141 764; baseline -0.003 -16"><span class='ocrx_word' id='word_1_3' title='bbox 524 684 586 749; x_wconf 80' lang='lat' dir='ltr'><strong>ns</strong></span> <span class='ocrx_word' id='word_1_4' title='bbox 620 683 768 751; x_wconf 81' lang='lat' dir='ltr'><strong>zuvxr</strong></span> <span class='ocrx_word' id='word_1_5' title='bbox 803 682 891 749; x_wconf 81' lang='lat' dir='ltr'><strong>sav</strong></span> <span class='ocrx_word' id='word_1_6' title='bbox 925 681 1141 764; x_wconf 79' lang='lat' dir='ltr'><strong>moroan,</strong></span> 
     </span>
    </p>
   </div>
   <div class='ocr_carea' id='block_1_3' title="bbox 720 827 945 879">
    <p class='ocr_par' dir='ltr' id='par_1_3' title="bbox 720 827 945 879">
     <span class='ocr_line' id='line_1_3' title="bbox 720 827 945 879; baseline 0 -11"><span class='ocrx_word' id='word_1_7' title='bbox 720 827 758 868; x_wconf 85' lang='lat' dir='ltr'><strong>ubl</strong></span> <span class='ocrx_word' id='word_1_8' title='bbox 775 827 826 869; x_wconf 77' lang='grc' dir='ltr'><strong>ΧΠ.</strong></span> <span class='ocrx_word' id='word_1_9' title='bbox 842 827 945 879; x_wconf 70' lang='lat' dir='ltr'><strong>sigillus.</strong></span> 
     </span>
    </p>
   </div>
   <div class='ocr_carea' id='block_1_4' title="bbox 219 1020 1482 1611">
    <p class='ocr_par' dir='ltr' id='par_1_4' title="bbox 219 1020 1482 1611">
     <span class='ocr_line' id='line_1_4' title="bbox 352 1020 1405 1111; baseline -0.002 -23"><span class='ocrx_word' id='word_1_10' title='bbox 352 1024 431 1089; x_wconf 86' lang='lat' dir='ltr'><strong>Suis</strong></span> <span class='ocrx_word' id='word_1_11' title='bbox 450 1047 528 1090; x_wconf 87' lang='lat' dir='ltr'><strong>oum</strong></span> <span class='ocrx_word' id='word_1_12' title='bbox 547 1023 709 1111; x_wconf 88' lang='lat' dir='ltr'><strong>insigniis</strong></span> <span class='ocrx_word' id='word_1_13' title='bbox 728 1031 832 1110; x_wconf 89' lang='lat' dir='ltr'><strong>atque</strong></span> <span class='ocrx_word' id='word_1_14' title='bbox 851 1020 1121 1090; x_wconf 70' lang='lat' dir='ltr'><strong>circumstantiis</strong></span> <span class='ocrx_word' id='word_1_15' title='bbox 1140 1020 1298 1087; x_wconf 88' lang='lat' dir='ltr'><strong>astrictas</strong></span> <span class='ocrx_word' id='word_1_16' title='bbox 1323 1021 1405 1086; x_wconf 88' lang='lat' dir='ltr'><strong>ima·</strong></span> 
     </span>
     <span class='ocr_line' id='line_1_5' title="bbox 262 1146 1482 1236; baseline -0.002 -23"><span class='ocrx_word' id='word_1_17' title='bbox 262 1148 362 1234; x_wconf 89' lang='lat' dir='ltr'><strong>gines</strong></span> <span class='ocrx_word' id='word_1_18' title='bbox 385 1149 422 1214; x_wconf 94' lang='lat' dir='ltr'><strong>in</strong></span> <span class='ocrx_word' id='word_1_19' title='bbox 445 1149 593 1215; x_wconf 88' lang='lat' dir='ltr'><strong>subiecti</strong></span> <span class='ocrx_word' id='word_1_20' title='bbox 611 1147 769 1236; x_wconf 82' lang='lat' dir='ltr'><strong>partibus</strong></span> <span class='ocrx_word' id='word_1_21' title='bbox 791 1147 966 1235; x_wconf 52' lang='lat' dir='ltr'><strong>plurimis</strong></span> <span class='ocrx_word' id='word_1_22' title='bbox 990 1148 1027 1212; x_wconf 88' lang='lat' dir='ltr'><strong>in</strong></span> <span class='ocrx_word' id='word_1_23' title='bbox 1051 1147 1176 1233; x_wconf 89' lang='lat' dir='ltr'><strong>quibus</strong></span> <span class='ocrx_word' id='word_1_24' title='bbox 1197 1146 1201 1232; x_wconf 71' lang='lat' dir='ltr'><strong>l</strong></span> <span class='ocrx_word' id='word_1_25' title='bbox 1224 1146 1403 1233; x_wconf 84' lang='lat' dir='ltr'><strong>quippiam</strong></span> <span class='ocrx_word' id='word_1_26' title='bbox 1427 1150 1482 1210; x_wconf 79' lang='lat' dir='ltr'><strong>4v</strong></span> 
     </span>
     <span class='ocr_line' id='line_1_6' title="bbox 219 1269 1405 1360; baseline -0.008 -16"><span class='ocrx_word' id='word_1_27' title='bbox 219 1280 240 1344; x_wconf 83' lang='lat'>5</span> <span class='ocrx_word' id='word_1_28' title='bbox 263 1272 450 1339; x_wconf 82' lang='lat' dir='ltr'><strong>inscribere</strong></span> <span class='ocrx_word' id='word_1_29' title='bbox 480 1274 590 1360; x_wconf 90' lang='lat' dir='ltr'><strong>possit</strong></span> <span class='ocrx_word' id='word_1_30' title='bbox 608 1272 849 1340; x_wconf 73' lang='lat' dir='ltr'><strong>ratiocinantis</strong></span> <span class='ocrx_word' id='word_1_31' title='bbox 879 1272 1029 1354; x_wconf 86' lang='lat' dir='ltr'><strong>animus,</strong></span> <span class='ocrx_word' id='word_1_32' title='bbox 1052 1270 1207 1359; x_wconf 88' lang='lat' dir='ltr'><strong>apposui.</strong></span> <span class='ocrx_word' id='word_1_33' title='bbox 1229 1269 1287 1336; x_wconf 84' lang='lat' dir='ltr'><strong>Sic</strong></span> <span class='ocrx_word' id='word_1_34' title='bbox 1318 1270 1405 1336; x_wconf 91' lang='lat' dir='ltr'><strong>mihi</strong></span> 
     </span>
     <span class='ocr_line' id='line_1_7' title="bbox 263 1394 1405 1485; baseline -0.004 -22"><span class='ocrx_word' id='word_1_35' title='bbox 263 1398 387 1464; x_wconf 81' lang='lat' dir='ltr'><strong>Teucri</strong></span> <span class='ocrx_word' id='word_1_36' title='bbox 405 1398 613 1485; x_wconf 86' lang='lat' dir='ltr'><strong>Babylonici</strong></span> <span class='ocrx_word' id='word_1_37' title='bbox 631 1399 802 1485; x_wconf 85' lang='lat' dir='ltr'><strong>imagines</strong></span> <span class='ocrx_word' id='word_1_38' title='bbox 822 1403 960 1464; x_wconf 88' lang='lat' dir='ltr'><strong>centum</strong></span> <span class='ocrx_word' id='word_1_39' title='bbox 979 1397 1085 1463; x_wconf 87' lang='lat' dir='ltr'><strong>trium</strong></span> <span class='ocrx_word' id='word_1_40' title='bbox 1109 1394 1257 1461; x_wconf 90' lang='lat' dir='ltr'><strong>millium</strong></span> <span class='ocrx_word' id='word_1_41' title='bbox 1280 1412 1405 1483; x_wconf 89' lang='lat' dir='ltr'><strong>propo-</strong></span> 
     </span>
     <span class='ocr_line' id='line_1_8' title="bbox 263 1521 866 1611; baseline 0.002 -24"><span class='ocrx_word' id='word_1_42' title='bbox 263 1521 409 1589; x_wconf 88' lang='lat' dir='ltr'><strong>sitorum</strong></span> <span class='ocrx_word' id='word_1_43' title='bbox 427 1523 653 1611; x_wconf 71' lang='lat' dir='ltr'><strong>suppeditant</strong></span> <span class='ocrx_word' id='word_1_44' title='bbox 670 1523 866 1590; x_wconf 89' lang='lat' dir='ltr'><strong>lectionem.</strong></span> 
     </span>
    </p>
   </div>
   <div class='ocr_carea' id='block_1_5' title="bbox 486 1793 1182 1880">
    <p class='ocr_par' dir='ltr' id='par_1_5' title="bbox 486 1793 1182 1880">
     <span class='ocr_line' id='line_1_9' title="bbox 486 1793 1182 1880; baseline 0.001 -19"><span class='ocrx_word' id='word_1_45' title='bbox 486 1796 551 1861; x_wconf 83' lang='lat' dir='ltr'><strong>nn</strong></span> <span class='ocrx_word' id='word_1_46' title='bbox 578 1794 747 1863; x_wconf 69' lang='lat' dir='ltr'><strong>rmore</strong></span> <span class='ocrx_word' id='word_1_47' title='bbox 777 1795 866 1863; x_wconf 83' lang='lat' dir='ltr'><strong>snv</strong></span> <span class='ocrx_word' id='word_1_48' title='bbox 895 1793 1182 1880; x_wconf 72' lang='lat' dir='ltr'><strong>someronn,</strong></span> 
     </span>
    </p>
   </div>
   <div class='ocr_carea' id='block_1_6' title="bbox 721 1939 955 1992">
    <p class='ocr_par' dir='ltr' id='par_1_6' title="bbox 721 1939 955 1992">
     <span class='ocr_line' id='line_1_10' title="bbox 721 1939 955 1992; baseline -0.009 -8"><span class='ocrx_word' id='word_1_49' title='bbox 721 1941 761 1984; x_wconf 86' lang='lat' dir='ltr'><strong>ubl</strong></span> <span class='ocrx_word' id='word_1_50' title='bbox 775 1940 838 1984; x_wconf 82' lang='lat' dir='ltr'><strong>xm.</strong></span> <span class='ocrx_word' id='word_1_51' title='bbox 854 1939 955 1992; x_wconf 70' lang='lat' dir='ltr'><strong>sigillus.</strong></span> 
     </span>
    </p>
   </div>
   <div class='ocr_carea' id='block_1_7' title="bbox 201 2118 1411 3337">
    <p class='ocr_par' dir='ltr' id='par_1_7' title="bbox 201 2118 1410 2710">
     <span class='ocr_line' id='line_1_11' title="bbox 201 2118 1408 2208; baseline 0.004 -27"><span class='ocrx_word' id='word_1_52' title='bbox 201 2119 243 2182; x_wconf 87' lang='lat'><strong>10</strong></span> <span class='ocrx_word' id='word_1_53' title='bbox 353 2119 396 2186; x_wconf 86' lang='lat' dir='ltr'><strong>ln</strong></span> <span class='ocrx_word' id='word_1_54' title='bbox 425 2119 584 2208; x_wconf 89' lang='lat' dir='ltr'><strong>proprias</strong></span> <span class='ocrx_word' id='word_1_55' title='bbox 612 2118 707 2185; x_wconf 86' lang='lat' dir='ltr'><strong>sedes</strong></span> <span class='ocrx_word' id='word_1_56' title='bbox 735 2119 928 2186; x_wconf 90' lang='lat' dir='ltr'><strong>subiectum</strong></span> <span class='ocrx_word' id='word_1_57' title='bbox 958 2139 1138 2186; x_wconf 89' lang='lat' dir='ltr'><strong>commune</strong></span> <span class='ocrx_word' id='word_1_58' title='bbox 1165 2126 1270 2206; x_wconf 87' lang='lat' dir='ltr'><strong>atque</strong></span> <span class='ocrx_word' id='word_1_59' title='bbox 1300 2121 1408 2187; x_wconf 90' lang='lat' dir='ltr'><strong>totale</strong></span> 
     </span>
     <span class='ocr_line' id='line_1_12' title="bbox 265 2244 1409 2334; baseline 0.001 -22"><span class='ocrx_word' id='word_1_60' title='bbox 265 2245 425 2331; x_wconf 86' lang='lat' dir='ltr'><strong>distinxi,</strong></span> <span class='ocrx_word' id='word_1_61' title='bbox 445 2267 532 2331; x_wconf 88' lang='lat' dir='ltr'><strong>quae</strong></span> <span class='ocrx_word' id='word_1_62' title='bbox 551 2244 691 2330; x_wconf 90' lang='lat' dir='ltr'><strong>quidem</strong></span> <span class='ocrx_word' id='word_1_63' title='bbox 714 2244 850 2311; x_wconf 88' lang='lat' dir='ltr'><strong>easdem</strong></span> <span class='ocrx_word' id='word_1_64' title='bbox 873 2244 912 2311; x_wconf 92' lang='lat' dir='ltr'><strong>in</strong></span> <span class='ocrx_word' id='word_1_65' title='bbox 938 2268 1001 2312; x_wconf 88' lang='lat' dir='ltr'><strong>sua</strong></span> <span class='ocrx_word' id='word_1_66' title='bbox 1025 2245 1127 2313; x_wconf 90' lang='lat' dir='ltr'><strong>domo</strong></span> <span class='ocrx_word' id='word_1_67' title='bbox 1149 2254 1317 2334; x_wconf 86' lang='lat' dir='ltr'><strong>perpetuo</strong></span> <span class='ocrx_word' id='word_1_68' title='bbox 1346 2247 1409 2313; x_wconf 88' lang='lat' dir='ltr'><strong>im·</strong></span> 
     </span>
     <span class='ocr_line' id='line_1_13' title="bbox 265 2370 1409 2460; baseline -0.003 -18"><span class='ocrx_word' id='word_1_69' title='bbox 265 2379 438 2442; x_wconf 86' lang='lat' dir='ltr'><strong>morantes</strong></span> <span class='ocrx_word' id='word_1_70' title='bbox 457 2371 627 2459; x_wconf 87' lang='lat' dir='ltr'><strong>imagines</strong></span> <span class='ocrx_word' id='word_1_71' title='bbox 646 2370 812 2459; x_wconf 87' lang='lat' dir='ltr'><strong>quasdam</strong></span> <span class='ocrx_word' id='word_1_72' title='bbox 830 2371 1018 2455; x_wconf 83' lang='lat' dir='ltr'><strong>retineant,</strong></span> <span class='ocrx_word' id='word_1_73' title='bbox 1034 2393 1102 2458; x_wconf 92' lang='lat' dir='ltr'><strong>quo</strong></span> <span class='ocrx_word' id='word_1_74' title='bbox 1121 2371 1335 2439; x_wconf 88' lang='lat' dir='ltr'><strong>diversorum</strong></span> <span class='ocrx_word' id='word_1_75' title='bbox 1351 2397 1409 2460; x_wconf 89' lang='lat' dir='ltr'><strong>pe·</strong></span> 
     </span>
     <span class='ocr_line' id='line_1_14' title="bbox 266 2496 1410 2586; baseline 0.001 -22"><span class='ocrx_word' id='word_1_76' title='bbox 266 2496 520 2586; x_wconf 83' lang='lat' dir='ltr'><strong>regrinantium</strong></span> <span class='ocrx_word' id='word_1_77' title='bbox 539 2504 674 2563; x_wconf 85' lang='lat' dir='ltr'><strong>attactu</strong></span> <span class='ocrx_word' id='word_1_78' title='bbox 692 2496 921 2563; x_wconf 85' lang='lat' dir='ltr'><strong>diversimode</strong></span> <span class='ocrx_word' id='word_1_79' title='bbox 948 2505 1081 2564; x_wconf 90' lang='lat' dir='ltr'><strong>sonent.</strong></span> <span class='ocrx_word' id='word_1_80' title='bbox 1113 2497 1169 2563; x_wconf 91' lang='lat' dir='ltr'><strong>Ibi</strong></span> <span class='ocrx_word' id='word_1_81' title='bbox 1196 2497 1309 2564; x_wconf 84' lang='lat' dir='ltr'><strong>forma</strong></span> <span class='ocrx_word' id='word_1_82' title='bbox 1332 2499 1410 2565; x_wconf 89' lang='lat' dir='ltr'><strong>sub-</strong></span> 
     </span>
     <span class='ocr_line' id='line_1_15' title="bbox 266 2622 1410 2710; baseline 0.001 -22"><span class='ocrx_word' id='word_1_83' title='bbox 266 2624 355 2691; x_wconf 84' lang='lat' dir='ltr'><strong>iecto</strong></span> <span class='ocrx_word' id='word_1_84' title='bbox 382 2623 570 2690; x_wconf 87' lang='lat' dir='ltr'><strong>adveniens</strong></span> <span class='ocrx_word' id='word_1_85' title='bbox 585 2644 690 2710; x_wconf 89' lang='lat' dir='ltr'><strong>penes</strong></span> <span class='ocrx_word' id='word_1_86' title='bbox 717 2622 842 2690; x_wconf 84' lang='lat' dir='ltr'><strong>locales</strong></span> <span class='ocrx_word' id='word_1_87' title='bbox 866 2623 1077 2710; x_wconf 83' lang='lat' dir='ltr'><strong>situalesque</strong></span> <span class='ocrx_word' id='word_1_88' title='bbox 1099 2623 1328 2710; x_wconf 85' lang='lat' dir='ltr'><strong>differentias,</strong></span> <span class='ocrx_word' id='word_1_89' title='bbox 1345 2640 1410 2690; x_wconf 88' lang='lat' dir='ltr'><strong>nec</strong></span> 
     </span>
    </p>

    <p class='ocr_par' dir='ltr' id='par_1_8' title="bbox 201 2747 1411 3337">
     <span class='ocr_line' id='line_1_16' title="bbox 201 2747 1410 2836; baseline 0.002 -24"><span class='ocrx_word' id='word_1_90' title='bbox 201 2749 243 2813; x_wconf 82' lang='lat'><strong>15</strong></span> <span class='ocrx_word' id='word_1_91' title='bbox 266 2770 337 2815; x_wconf 91' lang='lat' dir='ltr'><strong>non</strong></span> <span class='ocrx_word' id='word_1_92' title='bbox 355 2748 548 2836; x_wconf 86' lang='lat' dir='ltr'><strong>pervarias</strong></span> <span class='ocrx_word' id='word_1_93' title='bbox 566 2756 684 2835; x_wconf 87' lang='lat' dir='ltr'><strong>partes</strong></span> <span class='ocrx_word' id='word_1_94' title='bbox 702 2754 737 2814; x_wconf 92' lang='lat' dir='ltr'><strong>et</strong></span> <span class='ocrx_word' id='word_1_95' title='bbox 756 2747 943 2815; x_wconf 89' lang='lat' dir='ltr'><strong>secundum</strong></span> <span class='ocrx_word' id='word_1_96' title='bbox 962 2749 1076 2815; x_wconf 88' lang='lat' dir='ltr'><strong>varias</strong></span> <span class='ocrx_word' id='word_1_97' title='bbox 1094 2747 1317 2816; x_wconf 84' lang='lat' dir='ltr'><strong>habitudines</strong></span> <span class='ocrx_word' id='word_1_98' title='bbox 1333 2771 1410 2816; x_wconf 88' lang='lat' dir='ltr'><strong>oon·</strong></span> 
     </span>
     <span class='ocr_line' id='line_1_17' title="bbox 267 2872 1409 2963; baseline 0.002 -24"><span class='ocrx_word' id='word_1_99' title='bbox 267 2873 429 2957; x_wconf 84' lang='lat' dir='ltr'><strong>siderate,</strong></span> <span class='ocrx_word' id='word_1_100' title='bbox 450 2872 676 2940; x_wconf 87' lang='lat' dir='ltr'><strong>consistentia</strong></span> <span class='ocrx_word' id='word_1_101' title='bbox 688 2895 751 2960; x_wconf 89' lang='lat' dir='ltr'><strong>per</strong></span> <span class='ocrx_word' id='word_1_102' title='bbox 766 2873 991 2941; x_wconf 90' lang='lat' dir='ltr'><strong>subsistentia</strong></span> <span class='ocrx_word' id='word_1_103' title='bbox 1007 2873 1162 2960; x_wconf 88' lang='lat' dir='ltr'><strong>quinque</strong></span> <span class='ocrx_word' id='word_1_104' title='bbox 1176 2874 1409 2963; x_wconf 86' lang='lat' dir='ltr'><strong>multiplicare</strong></span> 
     </span>
     <span class='ocr_line' id='line_1_18' title="bbox 266 2996 1410 3086; baseline 0.002 -22"><span class='ocrx_word' id='word_1_105' title='bbox 266 2997 370 3064; x_wconf 88' lang='lat' dir='ltr'><strong>faciet</strong></span> <span class='ocrx_word' id='word_1_106' title='bbox 389 2996 572 3082; x_wconf 89' lang='lat' dir='ltr'><strong>elementa;</strong></span> <span class='ocrx_word' id='word_1_107' title='bbox 591 2999 646 3064; x_wconf 89' lang='lat' dir='ltr'><strong>vel</strong></span> <span class='ocrx_word' id='word_1_108' title='bbox 665 2997 695 3064; x_wconf 89' lang='lat' dir='ltr'><strong>si</strong></span> <span class='ocrx_word' id='word_1_109' title='bbox 714 2997 934 3064; x_wconf 88' lang='lat' dir='ltr'><strong>subsistentis</strong></span> <span class='ocrx_word' id='word_1_110' title='bbox 952 2998 1003 3064; x_wconf 93' lang='lat' dir='ltr'><strong>ibi</strong></span> <span class='ocrx_word' id='word_1_111' title='bbox 1025 3006 1181 3086; x_wconf 90' lang='lat' dir='ltr'><strong>perstare</strong></span> <span class='ocrx_word' id='word_1_112' title='bbox 1208 2999 1318 3066; x_wconf 87' lang='lat' dir='ltr'><strong>libeat</strong></span> <span class='ocrx_word' id='word_1_113' title='bbox 1346 3001 1410 3066; x_wconf 91' lang='lat' dir='ltr'><strong>ele·</strong></span> 
     </span>
     <span class='ocr_line' id='line_1_19' title="bbox 266 3122 1411 3212; baseline 0.001 -23"><span class='ocrx_word' id='word_1_114' title='bbox 266 3123 374 3189; x_wconf 90' lang='lat' dir='ltr'><strong>menti</strong></span> <span class='ocrx_word' id='word_1_115' title='bbox 404 3129 536 3207; x_wconf 82' lang='lat' dir='ltr'><strong>notam,</strong></span> <span class='ocrx_word' id='word_1_116' title='bbox 557 3122 618 3189; x_wconf 91' lang='lat' dir='ltr'><strong>fiet</strong></span> <span class='ocrx_word' id='word_1_117' title='bbox 641 3128 680 3189; x_wconf 91' lang='lat' dir='ltr'><strong>ut</strong></span> <span class='ocrx_word' id='word_1_118' title='bbox 703 3122 911 3189; x_wconf 87' lang='lat' dir='ltr'><strong>elementum</strong></span> <span class='ocrx_word' id='word_1_119' title='bbox 935 3123 1143 3212; x_wconf 88' lang='lat' dir='ltr'><strong>quintuplex</strong></span> <span class='ocrx_word' id='word_1_120' title='bbox 1169 3146 1231 3212; x_wconf 89' lang='lat' dir='ltr'><strong>per</strong></span> <span class='ocrx_word' id='word_1_121' title='bbox 1261 3132 1411 3191; x_wconf 87' lang='lat' dir='ltr'><strong>caetero·</strong></span> 
     </span>
     <span class='ocr_line' id='line_1_20' title="bbox 266 3247 1409 3337; baseline -0.001 -22"><span class='ocrx_word' id='word_1_122' title='bbox 266 3271 343 3316; x_wconf 87' lang='lat' dir='ltr'><strong>rum</strong></span> <span class='ocrx_word' id='word_1_123' title='bbox 362 3250 609 3316; x_wconf 88' lang='lat' dir='ltr'><strong>elementorum</strong></span> <span class='ocrx_word' id='word_1_124' title='bbox 628 3247 728 3334; x_wconf 88' lang='lat' dir='ltr'><strong>signa</strong></span> <span class='ocrx_word' id='word_1_125' title='bbox 747 3247 990 3315; x_wconf 85' lang='lat' dir='ltr'><strong>formationem</strong></span> <span class='ocrx_word' id='word_1_126' title='bbox 1009 3248 1230 3336; x_wconf 89' lang='lat' dir='ltr'><strong>concupitam</strong></span> <span class='ocrx_word' id='word_1_127' title='bbox 1254 3249 1409 3337; x_wconf 87' lang='lat' dir='ltr'><strong>recipiat.</strong></span> 
     </span>
    </p>
   </div>
   <div class='ocr_carea' id='block_1_8' title="bbox 674 3504 1003 3593">
    <p class='ocr_par' dir='ltr' id='par_1_9' title="bbox 674 3504 1003 3593">
     <span class='ocr_line' id='line_1_21' title="bbox 674 3504 1003 3593; baseline 0.006 -20"><span class='ocrx_word' id='word_1_128' title='bbox 674 3504 737 3574; x_wconf 85' lang='lat' dir='ltr'><strong>nn</strong></span> <span class='ocrx_word' id='word_1_129' title='bbox 762 3504 1003 3593; x_wconf 70' lang='lat' dir='ltr'><strong>nannum,</strong></span> 
     </span>
    </p>
   </div>
   <div class='ocr_carea' id='block_1_9' title="bbox 727 3650 953 3703">
    <p class='ocr_par' dir='ltr' id='par_1_10' title="bbox 727 3650 953 3703">
     <span class='ocr_line' id='line_1_22' title="bbox 727 3650 953 3703; baseline 0.013 -12"><span class='ocrx_word' id='word_1_130' title='bbox 727 3651 763 3692; x_wconf 82' lang='lat' dir='ltr'><strong>vel</strong></span> <span class='ocrx_word' id='word_1_131' title='bbox 778 3650 838 3694; x_wconf 82' lang='lat' dir='ltr'>x1v.</span> <span class='ocrx_word' id='word_1_132' title='bbox 854 3651 953 3703; x_wconf 76' lang='lat' dir='ltr'><strong>Slglllus.</strong></span> 
     </span>
    </p>
   </div>
   <div class='ocr_carea' id='block_1_10' title="bbox 269 3827 1411 4045">
    <p class='ocr_par' dir='ltr' id='par_1_11' title="bbox 269 3827 1411 4045">
     <span class='ocr_line' id='line_1_23' title="bbox 359 3827 1411 3919; baseline 0.005 -25"><span class='ocrx_word' id='word_1_133' title='bbox 359 3828 458 3907; x_wconf 81' lang='lat' dir='ltr'><strong>Quod</strong></span> <span class='ocrx_word' id='word_1_134' title='bbox 470 3827 611 3894; x_wconf 85' lang='lat' dir='ltr'><strong>Phidias</strong></span> <span class='ocrx_word' id='word_1_135' title='bbox 627 3828 665 3894; x_wconf 92' lang='lat' dir='ltr'><strong>in</strong></span> <span class='ocrx_word' id='word_1_136' title='bbox 676 3828 792 3894; x_wconf 84' lang='lat' dir='ltr'><strong>verbis</strong></span> <span class='ocrx_word' id='word_1_137' title='bbox 807 3830 993 3916; x_wconf 86' lang='lat' dir='ltr'><strong>praestitit,</strong></span> <span class='ocrx_word' id='word_1_138' title='bbox 1008 3831 1046 3896; x_wconf 91' lang='lat' dir='ltr'><strong>in</strong></span> <span class='ocrx_word' id='word_1_139' title='bbox 1065 3830 1319 3899; x_wconf 89' lang='lat' dir='ltr'><strong>intentionibus</strong></span> <span class='ocrx_word' id='word_1_140' title='bbox 1333 3855 1411 3919; x_wconf 90' lang='lat' dir='ltr'><strong>per-</strong></span> 
     </span>
     <span class='ocr_line' id='line_1_24' title="bbox 269 3953 1411 4045; baseline 0.003 -24"><span class='ocrx_word' id='word_1_141' title='bbox 269 3978 335 4042; x_wconf 91' lang='lat' dir='ltr'><strong>que</strong></span> <span class='ocrx_word' id='word_1_142' title='bbox 362 3953 574 4020; x_wconf 89' lang='lat' dir='ltr'><strong>intentiones</strong></span> <span class='ocrx_word' id='word_1_143' title='bbox 603 3953 735 4020; x_wconf 88' lang='lat' dir='ltr'><strong>notatis</strong></span> <span class='ocrx_word' id='word_1_144' title='bbox 762 3954 865 4021; x_wconf 89' lang='lat' dir='ltr'><strong>rebus</strong></span> <span class='ocrx_word' id='word_1_145' title='bbox 888 3954 1061 4023; x_wconf 89' lang='lat' dir='ltr'><strong>Daedalus</strong></span> <span class='ocrx_word' id='word_1_146' title='bbox 1085 3964 1250 4025; x_wconf 86' lang='lat' dir='ltr'><strong>exerceat.</strong></span> <span class='ocrx_word' id='word_1_147' title='bbox 1270 3957 1411 4045; x_wconf 87' lang='lat' dir='ltr'><strong>Organa</strong></span> 
     </span>
    </p>
   </div>
   <div class='ocr_carea' id='block_1_11' title="bbox 269 4079 1411 4171">
    <p class='ocr_par' dir='ltr' id='par_1_12' title="bbox 269 4079 1411 4171">
     <span class='ocr_line' id='line_1_25' title="bbox 269 4079 1411 4171; baseline 0.004 -26"><span class='ocrx_word' id='word_1_148' title='bbox 269 4079 377 4167; x_wconf 85' lang='lat' dir='ltr'><strong>igitur</strong></span> <span class='ocrx_word' id='word_1_149' title='bbox 395 4079 626 4165; x_wconf 90' lang='lat' dir='ltr'><strong>utensiliaque</strong></span> <span class='ocrx_word' id='word_1_150' title='bbox 644 4079 795 4166; x_wconf 86' lang='lat' dir='ltr'><strong>plurima</strong></span> <span class='ocrx_word' id='word_1_151' title='bbox 813 4080 966 4167; x_wconf 83' lang='lat' dir='ltr'><strong>institui,</strong></span> <span class='ocrx_word' id='word_1_152' title='bbox 983 4083 1122 4168; x_wconf 88' lang='lat' dir='ltr'><strong>quibus,</strong></span> <span class='ocrx_word' id='word_1_153' title='bbox 1139 4083 1177 4147; x_wconf 90' lang='lat' dir='ltr'><strong>in</strong></span> <span class='ocrx_word' id='word_1_154' title='bbox 1196 4083 1333 4168; x_wconf 83' lang='lat' dir='ltr'><strong>quibus,</strong></span> <span class='ocrx_word' id='word_1_155' title='bbox 1349 4107 1411 4171; x_wconf 93' lang='lat' dir='ltr'><strong>per</strong></span> 
     </span>
    </p>
   </div>
   <div class='ocr_carea' id='block_1_12' title="bbox 1256 4239 1405 4248">
    <p class='ocr_par' dir='ltr' id='par_1_13' title="bbox 1256 4239 1405 4248">
     <span class='ocr_line' id='line_1_26' title="bbox 1256 4239 1405 4248; baseline 0.013 -2"><span class='ocrx_word' id='word_1_156' title='bbox 1256 4239 1405 4248; x_wconf 74' lang='lat'><strong>.—</strong></span> 
     </span>
    </p>
   </div>
   <div class='ocr_carea' id='block_1_13' title="bbox 265 4297 1410 4536">
    <p class='ocr_par' dir='ltr' id='par_1_14' title="bbox 265 4297 1410 4536">
     <span class='ocr_line' id='line_1_27' title="bbox 330 4297 1410 4378; baseline 0.006 -19"><span class='ocrx_word' id='word_1_157' title='bbox 330 4297 333 4303; x_wconf 60' lang='grc'><strong>’</strong></span> <span class='ocrx_word' id='word_1_158' title='bbox 361 4306 540 4376; x_wconf 61' lang='lat' dir='ltr'><strong>bipalmis]</strong></span> <span class='ocrx_word' id='word_1_159' title='bbox 559 4309 610 4374; x_wconf 59' lang='lat' dir='ltr'><strong>sim</strong></span> <span class='ocrx_word' id='word_1_160' title='bbox 633 4311 668 4375; x_wconf 86' lang='lat' dir='ltr'><strong>cf.</strong></span> <span class='ocrx_word' id='word_1_161' title='bbox 677 4325 779 4374; x_wconf 70' lang='lat' dir='ltr'><strong>peres.</strong></span> <span class='ocrx_word' id='word_1_162' title='bbox 800 4310 841 4360; x_wconf 83' lang='lat' dir='ltr'><strong>De</strong></span> <span class='ocrx_word' id='word_1_163' title='bbox 857 4311 940 4376; x_wconf 78' lang='lat' dir='ltr'><strong>lamp.</strong></span> <span class='ocrx_word' id='word_1_164' title='bbox 966 4311 1055 4364; x_wconf 81' lang='lat' dir='ltr'><strong>Veaol.</strong></span> <span class='ocrx_word' id='word_1_165' title='bbox 1075 4330 1104 4378; x_wconf 81' lang='lat' dir='ltr'><strong>p.</strong></span> <span class='ocrx_word' id='word_1_166' title='bbox 1125 4315 1154 4370; x_wconf 81' lang='lat'><strong>6,</strong></span> <span class='ocrx_word' id='word_1_167' title='bbox 1175 4313 1219 4365; x_wconf 83' lang='lat'><strong>26.</strong></span> <span class='ocrx_word' id='word_1_168' title='bbox 1239 4313 1317 4364; x_wconf 74' lang='lat' dir='ltr'><strong>Gaul.</strong></span> <span class='ocrx_word' id='word_1_169' title='bbox 1338 4311 1410 4366; x_wconf 80' lang='lat' dir='ltr'><strong>Cirr.</strong></span> 
     </span>
     <span class='ocr_line' id='line_1_28' title="bbox 265 4387 1410 4455; baseline 0.007 -18"><span class='ocrx_word' id='word_1_170' title='bbox 265 4405 297 4455; x_wconf 80' lang='lat' dir='ltr'><strong>p.</strong></span> <span class='ocrx_word' id='word_1_171' title='bbox 312 4388 611 4454; x_wconf 71' lang='lat' dir='ltr'><strong>256,41mtr‚‚epit</strong></span> <span class='ocrx_word' id='word_1_172' title='bbox 628 4387 675 4454; x_wconf 67' lang='lat' dir='ltr'><strong>gib</strong></span> <span class='ocrx_word' id='word_1_173' title='bbox 685 4405 715 4453; x_wconf 85' lang='lat' dir='ltr'><strong>p.</strong></span> <span class='ocrx_word' id='word_1_174' title='bbox 730 4391 836 4452; x_wconf 81' lang='lat'><strong><em>95,26.</em></strong></span> <span class='ocrx_word' id='word_1_175' title='bbox 853 4392 947 4452; x_wconf 84' lang='lat'><em>106,1</em></span> <span class='ocrx_word' id='word_1_176' title='bbox 1013 4392 1208 4444; x_wconf 79' lang='lat' dir='ltr'><strong>GBabilonici</strong></span> <span class='ocrx_word' id='word_1_177' title='bbox 1278 4395 1410 4446; x_wconf 68' lang='lat' dir='ltr'><strong>daurom</strong></span> 
     </span>
     <span class='ocr_line' id='line_1_29' title="bbox 267 4469 1089 4536; baseline 0.004 -15"><span class='ocrx_word' id='word_1_178' title='bbox 267 4470 422 4522; x_wconf 65' lang='lat' dir='ltr'><strong>massano</strong></span> <span class='ocrx_word' id='word_1_179' title='bbox 485 4469 660 4535; x_wconf 70' lang='lat' dir='ltr'><strong>saphyrus</strong></span> <span class='ocrx_word' id='word_1_180' title='bbox 724 4471 854 4536; x_wconf 87' lang='lat' dir='ltr'><strong>prestitit</strong></span> <span class='ocrx_word' id='word_1_181' title='bbox 915 4471 947 4522; x_wconf 70' lang='lat'><strong>23</strong></span> <span class='ocrx_word' id='word_1_182' title='bbox 963 4473 1089 4524; x_wconf 82' lang='lat' dir='ltr'><strong>Dedalus</strong></span> 
     </span>
    </p>
   </div>
   <div class='ocr_carea' id='block_1_14' title="bbox 0 0 1715 5122">
    <p class='ocr_par' dir='ltr' id='par_1_15' title="bbox 0 0 1715 5122">
     <span class='ocr_line' id='line_1_30' title="bbox 0 0 1715 5122; baseline 0 0"><span class='ocrx_word' id='word_1_183' title='bbox 0 0 1715 5122; x_wconf 95' lang='lat' dir='ltr'><strong> </strong></span> 
     </span>
    </p>
   </div>
  </div>
 </body>
</html>
