3414 5122
398 455 443 501 na
464 456 695 503 conrnumosa
716 456 968 501 nacnrracrvan
991 456 1087 501 name
1107 454 1225 501 avaau.
1339 442 1376 498 51

243 613 429 681 Formatur
448 635 584 700 quoque
609 614 805 681 differentia
823 637 885 701 por
909 614 1042 701 primae
1073 613 1203 701 figurae
1223 614 1380 680 absoluta

243 739 455 826 praedicata,
480 740 645 806 sumendo
678 740 911 806 differentiam
935 740 1070 805 animae
1093 741 1137 805 ab
1161 740 1238 805 aliis
1265 762 1384 806 secun·

244 866 327 934 dum
354 868 562 951 bonitatem,
597 867 886 954 magnitudinem,
911 866 1128 933 durationem
1154 869 1213 953 let
1237 866 1381 952 reliqua.
1411 872 1518 938 273

246 990 413 1059 Similiter
437 992 479 1058 de
499 974 754 1077 concordantia,
781 992 990 1071 maioritate;
1010 991 1169 1058 similiter
1188 1000 1223 1057 et
1251 991 1292 1057 de
1312 1014 1387 1078 spe·

200 1117 222 1181 5
245 1116 361 1183 oiebus
385 1124 420 1183 et
443 1117 554 1185 modis
573 1118 737 1203 istorum,
770 1140 848 1184 cum
877 1117 1063 1204 generibus
1093 1116 1181 1201 illis,
1208 1116 1387 1204 speciebus

246 1248 281 1307 et
307 1242 418 1309 modis
446 1265 574 1309 eorum.
604 1243 701 1322 Quae
729 1250 853 1309 cuncta
882 1243 920 1308 ni
948 1241 1035 1307 fiant
1058 1241 1276 1323 affirmative,
1298 1241 1385 1306 fiant

244 1370 423 1456 negative,
448 1370 635 1437 secundum
664 1392 800 1435 omnem
824 1368 1020 1456 negationis
1044 1356 1183 1433 modum
1207 1366 1384 1433 tentando

504 1664 539 1703 De
555 1663 730 1714 amplificatione
745 1674 787 1714 per
801 1662 892 1703 tertiam
907 1662 1010 1711 figurem.
1026 1662 1081 1711 Cap.
1097 1662 1135 1703 1v.

334 1864 472 1931 Primae
503 1873 606 1952 atque
630 1866 799 1932 secundae
828 1868 959 1952 figurae
988 1865 1252 1953 amplitudinem
1283 1866 1387 1931 tertia

180 1992 224 2057 10
246 1989 357 2078 figura
376 1992 630 2079 complectitur,
655 1999 689 2057 et
709 1993 878 2057 elementa
906 1990 1009 2056 huius
1027 1992 1158 2077 figurae
1189 1991 1389 2078 significant

247 2093 339 2204 quoll
358 2117 395 2182 in
415 2117 611 2205 alphabeto,
632 2117 669 2182 in
688 2118 868 2197 subiectis,
889 2117 926 2181 in
950 2117 1083 2182 duobus
1102 2116 1388 2203 praecedentibus

246 2241 368 2329 figuris
386 2249 420 2308 et
439 2242 700 2329 quaestionibus
720 2250 771 2309 est
791 2242 1000 2330 implicitum
1019 2250 1053 2307 et
1073 2242 1283 2329 explicitum.
1301 2242 1389 2307 InB

246 2368 339 2434 enirn
362 2367 463 2433 huius
482 2367 614 2454 figurae
644 2367 860 2453 significatur
890 2368 983 2433 Dens
1002 2367 1153 2454 primum
1181 2367 1388 2452 subiectum,

246 2490 382 2558 Bonum
411 2492 562 2580 primum
591 2493 828 2579 praelinatum
857 2493 1066 2576 absolutum,
1091 2491 1299 2558 Differentia
1317 2492 1389 2580 pri-

181 2618 224 2683 15
246 2639 342 2683 mum
375 2618 620 2705 respectivum,
651 2619 655 2703 Ι
687 2617 827 2683 Iustitia
854 2618 967 2705 prima
999 2618 1169 2684 uirtutum
1204 2624 1238 2683 et
1267 2618 1388 2684 Avari·
1415 2626 1506 2688 332*

246 2742 297 2809 tia
327 2743 440 2830 prima
469 2744 650 2827 vitiorum,
681 2743 806 2810 Utrum
836 2745 950 2830 prima
984 2744 1233 2829 quaestionum.
1266 2742 1387 2811 Simile

247 2867 413 2934 iudicium
436 2868 478 2934 de
498 2869 753 2933 ODEE'GHIK.
778 2870 920 2934 Habent
939 2890 1020 2955 ergo
1044 2869 1181 2954 singula
1204 2868 1388 2935 elemento·

246 3015 324 3059 rum
342 2994 442 3060 istius
461 2994 592 3080 figurae
612 2994 807 3080 significata
827 3002 971 3081 septem,
992 3001 1026 3059 et
1050 2993 1188 3078 singula
1208 2993 1390 3079 quadrato-

247 3141 324 3184 rum
357 3118 616 3205 quatuordecim
648 3121 925 3206 complectuntur
959 3118 1163 3205 significata.
1197 3120 1239 3183 In
1272 3118 1386 3205 primo

180 3242 225 3307 20
247 3243 356 3329 igitur
376 3243 558 3329 quadram,
579 3244 671 3330 quod
695 3252 747 3309 est
766 3244 837 3329 BG,
858 3244 1083 3309 includuntur
1113 3245 1213 3330 plura
1233 3244 1389 3352 quaesita

247 3376 282 3436 et
300 3370 516 3456 problemata
535 3369 800 3457 contempla-mla
819 3377 853 3434 et
874 3369 1079 3435 intentanda
1095 3370 1187 3435 etad
1204 3369 1390 3454 quodcum-

248 3516 315 3583 que
332 3494 501 3562 trahenda
525 3496 754 3583 propositum;
775 3495 886 3582 primo
915 3517 976 3579 per
995 3495 1079 3560 ‹luos
1110 3495 1286 3576 terminos,
1310 3517 1391 3581 quo-

248 3642 324 3687 rum
344 3621 431 3687 alter
455 3627 507 3687 est
536 3622 704 3706 quaestio,
725 3622 811 3687 alter
842 3630 893 3685 est
916 3621 1152 3708 praedicatum
1177 3623 1388 3687 absolutum:

247 3743 386 3811 ‘utrum
418 3746 463 3812 sit
493 3746 643 3830 bonitas,
676 3746 759 3831 quirl
796 3746 842 3812 sit
881 3746 1049 3824 bonitas',
1082 3747 1136 3811 vel
1161 3748 1308 3812 alterum
1339 3755 1390 3813 est

181 3875 226 3941 25
248 3870 484 3959 praedicatum
513 3873 756 3959 respectivum:
781 3872 917 3937 'utrum
941 3872 987 3937 sit
1011 3872 1220 3954 differentia,
1242 3872 1327 3957 quid
1346 3873 1392 3937 sit

248 3996 478 4081 differentia’,
510 4006 544 4062 et
580 3998 754 4084 tangendo
785 3998 991 4084 angulorum
1027 3999 1149 4063 scalas:
1178 3997 1315 4063 ‘utrum
1346 3996 1393 4062 sit

248 4121 445 4189 differentia
475 4123 566 4188 inter
589 4123 751 4189 sensibile
782 4131 815 4188 ot
840 4124 1078 4210 intelligibile,
1111 4130 1145 4187 et
1174 4123 1257 4209 quid
1288 4123 1334 4188 sit
1358 4131 1393 4188 et

343 4440 646 4510 4<et)mcj0ritate(}
704 4439 774 4508 81v]
788 4440 818 4507 iij
832 4441 858 4490 P
912 4442 942 4489 15
960 4438 1223 4505 <item)justitiaG
1280 4442 1310 4491 19
1326 4456 1393 4507 qua·

249 4522 420 4591 tuordeoim]
435 4522 503 4574 141>
565 4524 605 4573 21.
618 4522 650 4573 ’12
662 4522 893 4587 quodloumqne,
907 4522 1033 4571 robanda
1050 4520 1075 4569 P
1137 4521 1169 4570 26
1186 4521 1296 4573 schalas
1310 4521 1335 4569 Ρ
