<?xml version="1.0" encoding="UTF-8"?>
<!DOCTYPE html PUBLIC "-//W3C//DTD XHTML 1.0 Transitional//EN"
    "http://www.w3.org/TR/xhtml1/DTD/xhtml1-transitional.dtd">
<html xmlns="http://www.w3.org/1999/xhtml" xml:lang="en" lang="en">
 <head>
  <title>
</title>
<meta http-equiv="Content-Type" content="text/html;charset=utf-8" />
  <meta name='ocr-system' content='tesseract 3.04.00' />
  <meta name='ocr-capabilities' content='ocr_page ocr_carea ocr_par ocr_line ocrx_word'/>
</head>
<body>
  <div class='ocr_page' id='page_1' title='image "./jordanibruninol03brungoog_0190.png"; bbox 0 0 3414 5122; ppageno 0'>
   <div class='ocr_carea' id='block_1_1' title="bbox 658 432 1416 492">
    <p class='ocr_par' dir='ltr' id='par_1_1' title="bbox 658 432 1416 492">
     <span class='ocr_line' id='line_1_1' title="bbox 658 432 1416 492; baseline 0.004 -3"><span class='ocrx_word' id='word_1_1' title='bbox 658 444 806 490; x_wconf 77' lang='lat' dir='ltr'>sisinnus</span> <span class='ocrx_word' id='word_1_2' title='bbox 827 444 1035 491; x_wconf 71' lang='lat' dir='ltr'>eruitionvu.</span> <span class='ocrx_word' id='word_1_3' title='bbox 1360 432 1416 492; x_wconf 75' lang='grc'>179</span> 
     </span>
    </p>
   </div>
   <div class='ocr_carea' id='block_1_2' title="bbox 209 601 1419 2200">
    <p class='ocr_par' dir='ltr' id='par_1_2' title="bbox 209 601 1419 2200">
     <span class='ocr_line' id='line_1_2' title="bbox 273 601 1416 689; baseline 0 -25"><span class='ocrx_word' id='word_1_4' title='bbox 273 621 472 686; x_wconf 76' lang='lat' dir='ltr'>corpoream</span> <span class='ocrx_word' id='word_1_5' title='bbox 489 608 540 666; x_wconf 86' lang='lat' dir='ltr'>cst</span> <span class='ocrx_word' id='word_1_6' title='bbox 559 601 634 687; x_wconf 87' lang='lat' dir='ltr'>ipsa</span> <span class='ocrx_word' id='word_1_7' title='bbox 653 602 857 689; x_wconf 86' lang='lat' dir='ltr'>simpliciter</span> <span class='ocrx_word' id='word_1_8' title='bbox 877 602 1005 685; x_wconf 83' lang='lat' dir='ltr'>anima,</span> <span class='ocrx_word' id='word_1_9' title='bbox 1030 603 1080 667; x_wconf 90' lang='lat' dir='ltr'>ita</span> <span class='ocrx_word' id='word_1_10' title='bbox 1105 609 1139 667; x_wconf 87' lang='lat' dir='ltr'>et</span> <span class='ocrx_word' id='word_1_11' title='bbox 1168 624 1271 688; x_wconf 91' lang='lat' dir='ltr'>super</span> <span class='ocrx_word' id='word_1_12' title='bbox 1289 601 1416 666; x_wconf 85' lang='lat' dir='ltr'>intolli-</span> 
     </span>
     <span class='ocr_line' id='line_1_3' title="bbox 271 725 1416 815; baseline 0.001 -27"><span class='ocrx_word' id='word_1_13' title='bbox 271 725 425 810; x_wconf 90' lang='lat' dir='ltr'>gentiam</span> <span class='ocrx_word' id='word_1_14' title='bbox 442 726 627 792; x_wconf 77' lang='lat' dir='ltr'>animalem</span> <span class='ocrx_word' id='word_1_15' title='bbox 642 732 693 793; x_wconf 85' lang='lat' dir='ltr'>est</span> <span class='ocrx_word' id='word_1_16' title='bbox 708 727 783 814; x_wconf 89' lang='lat' dir='ltr'>ipsa</span> <span class='ocrx_word' id='word_1_17' title='bbox 801 727 1005 815; x_wconf 87' lang='lat' dir='ltr'>simpliciter</span> <span class='ocrx_word' id='word_1_18' title='bbox 1021 726 1265 813; x_wconf 90' lang='lat' dir='ltr'>intelligentia.</span> <span class='ocrx_word' id='word_1_19' title='bbox 1283 726 1416 803; x_wconf 79' lang='lat' dir='ltr'>Quibus</span> 
     </span>
     <span class='ocr_line' id='line_1_4' title="bbox 273 848 1415 941; baseline 0.002 -27"><span class='ocrx_word' id='word_1_20' title='bbox 273 848 430 916; x_wconf 79' lang='lat' dir='ltr'><strong>addimus</strong></span> <span class='ocrx_word' id='word_1_21' title='bbox 450 851 493 916; x_wconf 90' lang='lat' dir='ltr'>ad</span> <span class='ocrx_word' id='word_1_22' title='bbox 513 875 621 918; x_wconf 87' lang='lat' dir='ltr'>unum</span> <span class='ocrx_word' id='word_1_23' title='bbox 640 853 799 940; x_wconf 80' lang='lat' dir='ltr'>idemque</span> <span class='ocrx_word' id='word_1_24' title='bbox 818 853 966 919; x_wconf 86' lang='lat' dir='ltr'>virtuale</span> <span class='ocrx_word' id='word_1_25' title='bbox 986 853 1197 941; x_wconf 89' lang='lat' dir='ltr'>principium</span> <span class='ocrx_word' id='word_1_26' title='bbox 1216 852 1337 917; x_wconf 80' lang='lat' dir='ltr'>referri</span> <span class='ocrx_word' id='word_1_27' title='bbox 1357 874 1415 917; x_wconf 92' lang='lat' dir='ltr'>vo-</span> 
     </span>
     <span class='ocr_line' id='line_1_5' title="bbox 273 977 1416 1065; baseline 0.001 -25"><span class='ocrx_word' id='word_1_28' title='bbox 273 998 358 1059; x_wconf 86' lang='lat' dir='ltr'>cem,</span> <span class='ocrx_word' id='word_1_29' title='bbox 380 1000 468 1062; x_wconf 86' lang='lat' dir='ltr'>quae</span> <span class='ocrx_word' id='word_1_30' title='bbox 489 977 532 1043; x_wconf 90' lang='lat' dir='ltr'>ab</span> <span class='ocrx_word' id='word_1_31' title='bbox 552 979 691 1065; x_wconf 80' lang='lat' dir='ltr'>organis</span> <span class='ocrx_word' id='word_1_32' title='bbox 710 980 886 1046; x_wconf 89' lang='lat' dir='ltr'>vocalibus</span> <span class='ocrx_word' id='word_1_33' title='bbox 905 980 1088 1063; x_wconf 87' lang='lat' dir='ltr'>formatur,</span> <span class='ocrx_word' id='word_1_34' title='bbox 1109 979 1169 1044; x_wconf 91' lang='lat' dir='ltr'>ubi</span> <span class='ocrx_word' id='word_1_35' title='bbox 1193 981 1288 1044; x_wconf 84' lang='lat' dir='ltr'>velut</span> <span class='ocrx_word' id='word_1_36' title='bbox 1313 978 1350 1043; x_wconf 90' lang='lat' dir='ltr'>in</span> <span class='ocrx_word' id='word_1_37' title='bbox 1380 1001 1416 1041; x_wconf 85' lang='lat' dir='ltr'>se</span> 
     </span>
     <span class='ocr_line' id='line_1_6' title="bbox 229 1100 1416 1192; baseline 0.002 -27"><span class='ocrx_word' id='word_1_38' title='bbox 229 1100 348 1188; x_wconf 83' lang='lat' dir='ltr'>5ipsa</span> <span class='ocrx_word' id='word_1_39' title='bbox 368 1109 401 1167; x_wconf 88' lang='lat' dir='ltr'>et</span> <span class='ocrx_word' id='word_1_40' title='bbox 419 1126 480 1168; x_wconf 89' lang='lat' dir='ltr'>sua</span> <span class='ocrx_word' id='word_1_41' title='bbox 499 1104 633 1189; x_wconf 90' lang='lat' dir='ltr'>origine</span> <span class='ocrx_word' id='word_1_42' title='bbox 653 1113 722 1188; x_wconf 79' lang='lat' dir='ltr'>est,</span> <span class='ocrx_word' id='word_1_43' title='bbox 743 1112 777 1170; x_wconf 86' lang='lat' dir='ltr'>et</span> <span class='ocrx_word' id='word_1_44' title='bbox 797 1129 871 1171; x_wconf 87' lang='lat' dir='ltr'>eam</span> <span class='ocrx_word' id='word_1_45' title='bbox 892 1129 978 1192; x_wconf 86' lang='lat' dir='ltr'>quae</span> <span class='ocrx_word' id='word_1_46' title='bbox 1008 1112 1060 1170; x_wconf 89' lang='lat' dir='ltr'>est</span> <span class='ocrx_word' id='word_1_47' title='bbox 1089 1105 1126 1171; x_wconf 92' lang='lat' dir='ltr'>in</span> <span class='ocrx_word' id='word_1_48' title='bbox 1156 1113 1245 1189; x_wconf 71' lang='lat' dir='ltr'>atre,</span> <span class='ocrx_word' id='word_1_49' title='bbox 1278 1110 1311 1169; x_wconf 90' lang='lat' dir='ltr'>et</span> <span class='ocrx_word' id='word_1_50' title='bbox 1342 1126 1416 1169; x_wconf 88' lang='lat' dir='ltr'>eam</span> 
     </span>
     <span class='ocr_line' id='line_1_7' title="bbox 273 1229 1415 1319; baseline 0.004 -28"><span class='ocrx_word' id='word_1_51' title='bbox 273 1248 360 1311; x_wconf 85' lang='lat' dir='ltr'>quae</span> <span class='ocrx_word' id='word_1_52' title='bbox 380 1229 487 1294; x_wconf 88' lang='lat' dir='ltr'>estin</span> <span class='ocrx_word' id='word_1_53' title='bbox 506 1230 645 1317; x_wconf 80' lang='lat' dir='ltr'>organis</span> <span class='ocrx_word' id='word_1_54' title='bbox 664 1231 818 1314; x_wconf 87' lang='lat' dir='ltr'>auditus;</span> <span class='ocrx_word' id='word_1_55' title='bbox 839 1231 888 1297; x_wconf 91' lang='lat' dir='ltr'>ibi</span> <span class='ocrx_word' id='word_1_56' title='bbox 919 1238 971 1297; x_wconf 88' lang='lat' dir='ltr'>est</span> <span class='ocrx_word' id='word_1_57' title='bbox 1001 1231 1182 1319; x_wconf 87' lang='lat' dir='ltr'>producta,</span> <span class='ocrx_word' id='word_1_58' title='bbox 1215 1230 1264 1296; x_wconf 91' lang='lat' dir='ltr'>ibi</span> <span class='ocrx_word' id='word_1_59' title='bbox 1293 1230 1415 1314; x_wconf 83' lang='lat' dir='ltr'>effusa,</span> 
     </span>
     <span class='ocr_line' id='line_1_8' title="bbox 273 1351 1417 1443; baseline 0.006 -28"><span class='ocrx_word' id='word_1_60' title='bbox 273 1351 323 1416; x_wconf 93' lang='lat' dir='ltr'>ibi</span> <span class='ocrx_word' id='word_1_61' title='bbox 341 1356 544 1440; x_wconf 86' lang='lat' dir='ltr'>persentita;</span> <span class='ocrx_word' id='word_1_62' title='bbox 574 1357 650 1442; x_wconf 91' lang='lat' dir='ltr'>quis</span> <span class='ocrx_word' id='word_1_63' title='bbox 679 1357 755 1423; x_wconf 86' lang='lat' dir='ltr'>ideo</span> <span class='ocrx_word' id='word_1_64' title='bbox 786 1357 877 1423; x_wconf 88' lang='lat' dir='ltr'>dicet</span> <span class='ocrx_word' id='word_1_65' title='bbox 903 1358 1007 1423; x_wconf 89' lang='lat' dir='ltr'>aliam</span> <span class='ocrx_word' id='word_1_66' title='bbox 1026 1380 1097 1423; x_wconf 87' lang='lat' dir='ltr'>esse</span> <span class='ocrx_word' id='word_1_67' title='bbox 1127 1357 1213 1440; x_wconf 89' lang='lat' dir='ltr'>vim,</span> <span class='ocrx_word' id='word_1_68' title='bbox 1244 1379 1312 1442; x_wconf 90' lang='lat' dir='ltr'>qua</span> <span class='ocrx_word' id='word_1_69' title='bbox 1339 1379 1417 1443; x_wconf 91' lang='lat' dir='ltr'>pro-</span> 
     </span>
     <span class='ocr_line' id='line_1_9' title="bbox 273 1476 1415 1569; baseline 0.005 -29"><span class='ocrx_word' id='word_1_70' title='bbox 273 1476 607 1566; x_wconf 87' lang='lat' dir='ltr'>oedat,alia1nqua</span> <span class='ocrx_word' id='word_1_71' title='bbox 636 1482 878 1569; x_wconf 85' lang='lat' dir='ltr'>progrediatur</span> <span class='ocrx_word' id='word_1_72' title='bbox 905 1490 940 1548; x_wconf 89' lang='lat' dir='ltr'>et</span> <span class='ocrx_word' id='word_1_73' title='bbox 968 1482 1179 1565; x_wconf 85' lang='lat' dir='ltr'>effundatur,</span> <span class='ocrx_word' id='word_1_74' title='bbox 1213 1481 1318 1546; x_wconf 86' lang='lat' dir='ltr'>aliam</span> <span class='ocrx_word' id='word_1_75' title='bbox 1348 1503 1415 1566; x_wconf 90' lang='lat' dir='ltr'>qua</span> 
     </span>
     <span class='ocr_line' id='line_1_10' title="bbox 273 1603 1419 1695; baseline 0.003 -27"><span class='ocrx_word' id='word_1_76' title='bbox 273 1603 455 1673; x_wconf 83' lang='lat' dir='ltr'>aruliatur?</span> <span class='ocrx_word' id='word_1_77' title='bbox 474 1608 563 1673; x_wconf 78' lang='lat' dir='ltr'>item</span> <span class='ocrx_word' id='word_1_78' title='bbox 582 1609 882 1676; x_wconf 74' lang='lat' dir='ltr'>innumerabiliter</span> <span class='ocrx_word' id='word_1_79' title='bbox 905 1616 940 1676; x_wconf 90' lang='lat' dir='ltr'>et</span> <span class='ocrx_word' id='word_1_80' title='bbox 963 1608 1099 1674; x_wconf 87' lang='lat' dir='ltr'>infinite</span> <span class='ocrx_word' id='word_1_81' title='bbox 1123 1608 1351 1695; x_wconf 66' lang='lat' dir='ltr'>multiplicem</span> <span class='ocrx_word' id='word_1_82' title='bbox 1371 1632 1419 1673; x_wconf 87' lang='lat' dir='ltr'>se-</span> 
     </span>
     <span class='ocr_line' id='line_1_11' title="bbox 209 1730 1417 1822; baseline 0.004 -28"><span class='ocrx_word' id='word_1_83' title='bbox 209 1745 251 1808; x_wconf 76' lang='grc'>10</span> <span class='ocrx_word' id='word_1_84' title='bbox 275 1730 425 1797; x_wconf 90' lang='lat' dir='ltr'>cundum</span> <span class='ocrx_word' id='word_1_85' title='bbox 437 1757 633 1820; x_wconf 79' lang='lat' dir='ltr'>numerum,</span> <span class='ocrx_word' id='word_1_86' title='bbox 648 1736 729 1822; x_wconf 87' lang='lat' dir='ltr'>quia</span> <span class='ocrx_word' id='word_1_87' title='bbox 743 1735 890 1801; x_wconf 89' lang='lat' dir='ltr'>infinitis</span> <span class='ocrx_word' id='word_1_88' title='bbox 903 1734 1059 1800; x_wconf 79' lang='lat' dir='ltr'>sensibus</span> <span class='ocrx_word' id='word_1_89' title='bbox 1076 1757 1217 1800; x_wconf 90' lang='lat' dir='ltr'>numero</span> <span class='ocrx_word' id='word_1_90' title='bbox 1234 1734 1417 1817; x_wconf 70' lang='lat' dir='ltr'>distinctis</span> 
     </span>
     <span class='ocr_line' id='line_1_12' title="bbox 274 1858 1419 1950; baseline 0.003 -26"><span class='ocrx_word' id='word_1_91' title='bbox 274 1860 303 1924; x_wconf 90' lang='lat' dir='ltr'>si</span> <span class='ocrx_word' id='word_1_92' title='bbox 323 1858 452 1947; x_wconf 77' lang='lat' dir='ltr'>adsint,</span> <span class='ocrx_word' id='word_1_93' title='bbox 472 1863 654 1947; x_wconf 85' lang='lat' dir='ltr'>ingeritur.</span> <span class='ocrx_word' id='word_1_94' title='bbox 673 1864 729 1928; x_wconf 82' lang='lat' dir='ltr'>Ad</span> <span class='ocrx_word' id='word_1_95' title='bbox 742 1888 850 1930; x_wconf 89' lang='lat' dir='ltr'>unum</span> <span class='ocrx_word' id='word_1_96' title='bbox 867 1863 1026 1948; x_wconf 81' lang='lat' dir='ltr'>idemque</span> <span class='ocrx_word' id='word_1_97' title='bbox 1045 1862 1194 1929; x_wconf 89' lang='lat' dir='ltr'>virtuale</span> <span class='ocrx_word' id='word_1_98' title='bbox 1205 1862 1419 1950; x_wconf 88' lang='lat' dir='ltr'>principium</span> 
     </span>
     <span class='ocr_line' id='line_1_13' title="bbox 272 1976 1418 2075; baseline 0.003 -26"><span class='ocrx_word' id='word_1_99' title='bbox 272 1983 422 2051; x_wconf 87' lang='lat' dir='ltr'>refertur</span> <span class='ocrx_word' id='word_1_100' title='bbox 442 1987 559 2053; x_wconf 89' lang='lat' dir='ltr'>lumen</span> <span class='ocrx_word' id='word_1_101' title='bbox 583 1989 621 2054; x_wconf 91' lang='lat' dir='ltr'>in</span> <span class='ocrx_word' id='word_1_102' title='bbox 644 1990 728 2073; x_wconf 86' lang='lat' dir='ltr'>sole,</span> <span class='ocrx_word' id='word_1_103' title='bbox 747 1990 808 2055; x_wconf 91' lang='lat' dir='ltr'>ubi</span> <span class='ocrx_word' id='word_1_104' title='bbox 836 1995 888 2055; x_wconf 89' lang='lat' dir='ltr'>est</span> <span class='ocrx_word' id='word_1_105' title='bbox 910 1990 1005 2054; x_wconf 80' lang='lat' dir='ltr'>velut</span> <span class='ocrx_word' id='word_1_106' title='bbox 1029 1989 1067 2053; x_wconf 94' lang='lat' dir='ltr'>in</span> <span class='ocrx_word' id='word_1_107' title='bbox 1094 2013 1129 2053; x_wconf 89' lang='lat' dir='ltr'>se</span> <span class='ocrx_word' id='word_1_108' title='bbox 1160 1989 1235 2075; x_wconf 90' lang='lat' dir='ltr'>ipso</span> <span class='ocrx_word' id='word_1_109' title='bbox 1259 1976 1418 2054; x_wconf 41' lang='lat' dir='ltr'>et‘velut</span> 
     </span>
     <span class='ocr_line' id='line_1_14' title="bbox 274 2110 1418 2200; baseline 0.004 -26"><span class='ocrx_word' id='word_1_110' title='bbox 274 2110 482 2196; x_wconf 87' lang='lat' dir='ltr'>absolutum,</span> <span class='ocrx_word' id='word_1_111' title='bbox 503 2114 619 2179; x_wconf 90' lang='lat' dir='ltr'>lumen</span> <span class='ocrx_word' id='word_1_112' title='bbox 639 2114 703 2200; x_wconf 79' lang='lat' dir='ltr'>(in)</span> <span class='ocrx_word' id='word_1_113' title='bbox 722 2123 800 2180; x_wconf 75' lang='lat' dir='ltr'>aere</span> <span class='ocrx_word' id='word_1_114' title='bbox 819 2115 930 2180; x_wconf 87' lang='lat' dir='ltr'>medio</span> <span class='ocrx_word' id='word_1_115' title='bbox 946 2137 1005 2180; x_wconf 90' lang='lat' dir='ltr'>seu</span> <span class='ocrx_word' id='word_1_116' title='bbox 1020 2113 1170 2196; x_wconf 85' lang='lat' dir='ltr'>aethere,</span> <span class='ocrx_word' id='word_1_117' title='bbox 1190 2122 1224 2179; x_wconf 90' lang='lat' dir='ltr'>et</span> <span class='ocrx_word' id='word_1_118' title='bbox 1243 2115 1361 2180; x_wconf 88' lang='lat' dir='ltr'>lumen</span> <span class='ocrx_word' id='word_1_119' title='bbox 1379 2114 1418 2179; x_wconf 89' lang='lat' dir='ltr'>in</span> 
     </span>
    </p>
   </div>
   <div class='ocr_carea' id='block_1_3' title="bbox 272 2235 1418 2328">
    <p class='ocr_par' dir='ltr' id='par_1_3' title="bbox 272 2235 1418 2328">
     <span class='ocr_line' id='line_1_15' title="bbox 272 2235 1418 2328; baseline 0.004 -28"><span class='ocrx_word' id='word_1_120' title='bbox 272 2235 468 2304; x_wconf 88' lang='lat' dir='ltr'>illuminato</span> <span class='ocrx_word' id='word_1_121' title='bbox 489 2263 645 2328; x_wconf 89' lang='lat' dir='ltr'>corpore;</span> <span class='ocrx_word' id='word_1_122' title='bbox 672 2248 707 2306; x_wconf 85' lang='lat' dir='ltr'>ct</span> <span class='ocrx_word' id='word_1_123' title='bbox 734 2241 809 2306; x_wconf 88' lang='lat' dir='ltr'>ideo</span> <span class='ocrx_word' id='word_1_124' title='bbox 829 2240 958 2306; x_wconf 85' lang='lat' dir='ltr'>desinit</span> <span class='ocrx_word' id='word_1_125' title='bbox 981 2264 1053 2306; x_wconf 86' lang='lat' dir='ltr'>esse</span> <span class='ocrx_word' id='word_1_126' title='bbox 1073 2241 1109 2305; x_wconf 89' lang='lat' dir='ltr'>in</span> <span class='ocrx_word' id='word_1_127' title='bbox 1135 2262 1290 2326; x_wconf 84' lang='lat' dir='ltr'>corpore,</span> <span class='ocrx_word' id='word_1_128' title='bbox 1308 2241 1337 2305; x_wconf 91' lang='lat' dir='ltr'>si</span> <span class='ocrx_word' id='word_1_129' title='bbox 1363 2240 1418 2305; x_wconf 87' lang='lat' dir='ltr'>de-</span> 
     </span>
    </p>
   </div>
   <div class='ocr_carea' id='block_1_4' title="bbox 208 2362 1417 2449">
    <p class='ocr_par' dir='ltr' id='par_1_4' title="bbox 208 2362 1417 2449">
     <span class='ocr_line' id='line_1_16' title="bbox 208 2362 1417 2449; baseline 0.002 -23"><span class='ocrx_word' id='word_1_130' title='bbox 208 2370 249 2434; x_wconf 74' lang='grc'>15</span> <span class='ocrx_word' id='word_1_131' title='bbox 273 2362 356 2428; x_wconf 82' lang='lat' dir='ltr'>sivit</span> <span class='ocrx_word' id='word_1_132' title='bbox 375 2387 446 2429; x_wconf 88' lang='lat' dir='ltr'>esse</span> <span class='ocrx_word' id='word_1_133' title='bbox 462 2365 499 2429; x_wconf 93' lang='lat' dir='ltr'>in</span> <span class='ocrx_word' id='word_1_134' title='bbox 514 2365 641 2448; x_wconf 88' lang='lat' dir='ltr'>medio,</span> <span class='ocrx_word' id='word_1_135' title='bbox 661 2365 789 2431; x_wconf 79' lang='lat' dir='ltr'>desinit</span> <span class='ocrx_word' id='word_1_136' title='bbox 808 2389 880 2432; x_wconf 88' lang='lat' dir='ltr'>esse</span> <span class='ocrx_word' id='word_1_137' title='bbox 895 2366 933 2430; x_wconf 87' lang='lat' dir='ltr'>in</span> <span class='ocrx_word' id='word_1_138' title='bbox 950 2365 1075 2449; x_wconf 85' lang='lat' dir='ltr'>modio,</span> <span class='ocrx_word' id='word_1_139' title='bbox 1091 2365 1121 2430; x_wconf 89' lang='lat' dir='ltr'>si</span> <span class='ocrx_word' id='word_1_140' title='bbox 1136 2366 1271 2431; x_wconf 86' lang='lat' dir='ltr'>desinat</span> <span class='ocrx_word' id='word_1_141' title='bbox 1287 2389 1359 2432; x_wconf 88' lang='lat' dir='ltr'>esse</span> <span class='ocrx_word' id='word_1_142' title='bbox 1379 2367 1417 2430; x_wconf 89' lang='lat' dir='ltr'>in</span> 
     </span>
    </p>
   </div>
   <div class='ocr_carea' id='block_1_5' title="bbox 206 2489 1538 4091">
    <p class='ocr_par' dir='ltr' id='par_1_5' title="bbox 206 2489 1538 4091">
     <span class='ocr_line' id='line_1_17' title="bbox 272 2489 751 2578; baseline 0.006 -24"><span class='ocrx_word' id='word_1_143' title='bbox 272 2489 543 2578; x_wconf 86' lang='lat' dir='ltr'>hemisphaerico</span> <span class='ocrx_word' id='word_1_144' title='bbox 563 2493 751 2559; x_wconf 88' lang='lat' dir='ltr'>horizonte.</span> 
     </span>
     <span class='ocr_line' id='line_1_18' title="bbox 363 2619 1420 2708; baseline 0.002 -24"><span class='ocrx_word' id='word_1_145' title='bbox 363 2619 480 2685; x_wconf 90' lang='lat' dir='ltr'>Unum</span> <span class='ocrx_word' id='word_1_146' title='bbox 499 2642 580 2706; x_wconf 85' lang='lat' dir='ltr'>ergo</span> <span class='ocrx_word' id='word_1_147' title='bbox 599 2620 779 2706; x_wconf 85' lang='lat' dir='ltr'>proprium</span> <span class='ocrx_word' id='word_1_148' title='bbox 798 2619 991 2686; x_wconf 88' lang='lat' dir='ltr'>subiectum</span> <span class='ocrx_word' id='word_1_149' title='bbox 1014 2643 1119 2685; x_wconf 88' lang='lat' dir='ltr'>unam</span> <span class='ocrx_word' id='word_1_150' title='bbox 1142 2621 1335 2708; x_wconf 77' lang='lat' dir='ltr'>simplicem</span> <span class='ocrx_word' id='word_1_151' title='bbox 1365 2643 1420 2686; x_wconf 86' lang='lat' dir='ltr'>ra·</span> 
     </span>
     <span class='ocr_line' id='line_1_19' title="bbox 273 2745 1420 2833; baseline 0.002 -23"><span class='ocrx_word' id='word_1_152' title='bbox 273 2747 384 2811; x_wconf 71' lang='lat' dir='ltr'>(licem</span> <span class='ocrx_word' id='word_1_153' title='bbox 403 2755 437 2810; x_wconf 86' lang='lat' dir='ltr'>et</span> <span class='ocrx_word' id='word_1_154' title='bbox 456 2769 564 2812; x_wconf 84' lang='lat' dir='ltr'>unuin</span> <span class='ocrx_word' id='word_1_155' title='bbox 583 2746 731 2812; x_wconf 85' lang='lat' dir='ltr'>virtuale</span> <span class='ocrx_word' id='word_1_156' title='bbox 749 2745 962 2833; x_wconf 88' lang='lat' dir='ltr'>principium</span> <span class='ocrx_word' id='word_1_157' title='bbox 985 2746 1210 2832; x_wconf 86' lang='lat' dir='ltr'>recognoscit.</span> <span class='ocrx_word' id='word_1_158' title='bbox 1236 2747 1329 2812; x_wconf 87' lang='lat' dir='ltr'>Hinc</span> <span class='ocrx_word' id='word_1_159' title='bbox 1359 2747 1420 2812; x_wconf 87' lang='lat' dir='ltr'>fiat</span> 
     </span>
     <span class='ocr_line' id='line_1_20' title="bbox 274 2871 1419 2959; baseline -0.002 -21"><span class='ocrx_word' id='word_1_160' title='bbox 274 2872 534 2959; x_wconf 86' lang='lat' dir='ltr'>proportionale</span> <span class='ocrx_word' id='word_1_161' title='bbox 552 2871 718 2938; x_wconf 88' lang='lat' dir='ltr'>iudicium</span> <span class='ocrx_word' id='word_1_162' title='bbox 738 2871 779 2935; x_wconf 87' lang='lat' dir='ltr'>do</span> <span class='ocrx_word' id='word_1_163' title='bbox 798 2871 977 2937; x_wconf 84' lang='lat' dir='ltr'>intellectu</span> <span class='ocrx_word' id='word_1_164' title='bbox 995 2871 1108 2958; x_wconf 90' lang='lat' dir='ltr'>primo</span> <span class='ocrx_word' id='word_1_165' title='bbox 1139 2871 1183 2936; x_wconf 87' lang='lat' dir='ltr'>ad</span> <span class='ocrx_word' id='word_1_166' title='bbox 1214 2872 1299 2937; x_wconf 89' lang='lat' dir='ltr'>alios</span> <span class='ocrx_word' id='word_1_167' title='bbox 1320 2872 1419 2938; x_wconf 86' lang='lat' dir='ltr'>intel-</span> 
     </span>
     <span class='ocr_line' id='line_1_21' title="bbox 206 2996 1417 3085; baseline 0.002 -23"><span class='ocrx_word' id='word_1_168' title='bbox 206 2998 250 3062; x_wconf 75' lang='grc'>20</span> <span class='ocrx_word' id='word_1_169' title='bbox 274 2997 396 3082; x_wconf 86' lang='lat' dir='ltr'>lectus,</span> <span class='ocrx_word' id='word_1_170' title='bbox 416 2998 458 3063; x_wconf 90' lang='lat' dir='ltr'>de</span> <span class='ocrx_word' id='word_1_171' title='bbox 477 2998 589 3085; x_wconf 90' lang='lat' dir='ltr'>primo</span> <span class='ocrx_word' id='word_1_172' title='bbox 614 2996 850 3084; x_wconf 85' lang='lat' dir='ltr'>superiorique</span> <span class='ocrx_word' id='word_1_173' title='bbox 874 2997 1084 3084; x_wconf 84' lang='lat' dir='ltr'>cognitionis</span> <span class='ocrx_word' id='word_1_174' title='bbox 1114 2999 1226 3084; x_wconf 88' lang='lat' dir='ltr'>gradu</span> <span class='ocrx_word' id='word_1_175' title='bbox 1257 2999 1301 3063; x_wconf 91' lang='lat' dir='ltr'>ad</span> <span class='ocrx_word' id='word_1_176' title='bbox 1331 2999 1417 3066; x_wconf 87' lang='lat' dir='ltr'>alios</span> 
     </span>
     <span class='ocr_line' id='line_1_22' title="bbox 274 3122 1416 3211; baseline 0.003 -23"><span class='ocrx_word' id='word_1_177' title='bbox 274 3123 483 3211; x_wconf 87' lang='lat' dir='ltr'>cognitionis</span> <span class='ocrx_word' id='word_1_178' title='bbox 502 3123 637 3210; x_wconf 85' lang='lat' dir='ltr'>gradus.</span> <span class='ocrx_word' id='word_1_179' title='bbox 658 3123 737 3189; x_wconf 89' lang='lat' dir='ltr'>Una</span> <span class='ocrx_word' id='word_1_180' title='bbox 755 3123 816 3187; x_wconf 82' lang='lat' dir='ltr'>lux</span> <span class='ocrx_word' id='word_1_181' title='bbox 834 3122 1010 3188; x_wconf 88' lang='lat' dir='ltr'>illuminat</span> <span class='ocrx_word' id='word_1_182' title='bbox 1035 3125 1163 3209; x_wconf 84' lang='lat' dir='ltr'>omnia,</span> <span class='ocrx_word' id='word_1_183' title='bbox 1185 3147 1254 3189; x_wconf 89' lang='lat' dir='ltr'>una</span> <span class='ocrx_word' id='word_1_184' title='bbox 1273 3124 1346 3191; x_wconf 86' lang='lat' dir='ltr'>vita</span> <span class='ocrx_word' id='word_1_185' title='bbox 1365 3126 1416 3191; x_wconf 86' lang='lat' dir='ltr'>vi-</span> 
     </span>
     <span class='ocr_line' id='line_1_23' title="bbox 274 3248 1538 3336; baseline 0.006 -23"><span class='ocrx_word' id='word_1_186' title='bbox 274 3250 391 3314; x_wconf 85' lang='lat' dir='ltr'>vificat</span> <span class='ocrx_word' id='word_1_187' title='bbox 421 3249 536 3315; x_wconf 87' lang='lat' dir='ltr'>omnia</span> <span class='ocrx_word' id='word_1_188' title='bbox 567 3248 687 3329; x_wconf 74' lang='lat' dir='ltr'>certis</span> <span class='ocrx_word' id='word_1_189' title='bbox 714 3249 879 3333; x_wconf 86' lang='lat' dir='ltr'>gradibus</span> <span class='ocrx_word' id='word_1_190' title='bbox 904 3273 924 3313; x_wconf 90' lang='lat' dir='ltr'>a</span> <span class='ocrx_word' id='word_1_191' title='bbox 947 3249 1181 3336; x_wconf 87' lang='lat' dir='ltr'>superioribus</span> <span class='ocrx_word' id='word_1_192' title='bbox 1212 3250 1256 3316; x_wconf 90' lang='lat' dir='ltr'>ad</span> <span class='ocrx_word' id='word_1_193' title='bbox 1279 3251 1416 3317; x_wconf 79' lang='lat' dir='ltr'>inferna</span> <span class='ocrx_word' id='word_1_194' title='bbox 1441 3269 1465 3318; x_wconf 87' lang='lat' dir='ltr'>e</span> <span class='ocrx_word' id='word_1_195' title='bbox 1487 3258 1538 3320; x_wconf 55' lang='grc' dir='ltr'>ἓν*</span> 
     </span>
     <span class='ocr_line' id='line_1_24' title="bbox 275 3373 1419 3461; baseline 0.003 -21"><span class='ocrx_word' id='word_1_196' title='bbox 275 3374 491 3458; x_wconf 86' lang='lat' dir='ltr'>descendens,</span> <span class='ocrx_word' id='word_1_197' title='bbox 508 3384 543 3441; x_wconf 89' lang='lat' dir='ltr'>et</span> <span class='ocrx_word' id='word_1_198' title='bbox 559 3374 602 3439; x_wconf 87' lang='lat' dir='ltr'>ab</span> <span class='ocrx_word' id='word_1_199' title='bbox 619 3373 764 3439; x_wconf 86' lang='lat' dir='ltr'>infernis</span> <span class='ocrx_word' id='word_1_200' title='bbox 779 3374 823 3438; x_wconf 91' lang='lat' dir='ltr'>ad</span> <span class='ocrx_word' id='word_1_201' title='bbox 838 3397 998 3461; x_wconf 86' lang='lat' dir='ltr'>suprema</span> <span class='ocrx_word' id='word_1_202' title='bbox 1015 3376 1261 3460; x_wconf 88' lang='lat' dir='ltr'>conscendens;</span> <span class='ocrx_word' id='word_1_203' title='bbox 1279 3385 1313 3442; x_wconf 87' lang='lat' dir='ltr'>ot</span> <span class='ocrx_word' id='word_1_204' title='bbox 1329 3378 1419 3443; x_wconf 89' lang='lat' dir='ltr'>sicut</span> 
     </span>
     <span class='ocr_line' id='line_1_25' title="bbox 273 3501 1419 3589; baseline 0.004 -25"><span class='ocrx_word' id='word_1_205' title='bbox 273 3508 325 3567; x_wconf 85' lang='lat' dir='ltr'>est</span> <span class='ocrx_word' id='word_1_206' title='bbox 345 3501 381 3565; x_wconf 90' lang='lat' dir='ltr'>in</span> <span class='ocrx_word' id='word_1_207' title='bbox 401 3501 574 3584; x_wconf 85' lang='lat' dir='ltr'>universo,</span> <span class='ocrx_word' id='word_1_208' title='bbox 595 3501 645 3565; x_wconf 90' lang='lat' dir='ltr'>ita</span> <span class='ocrx_word' id='word_1_209' title='bbox 665 3506 716 3564; x_wconf 85' lang='lat' dir='ltr'>ost</span> <span class='ocrx_word' id='word_1_210' title='bbox 734 3507 769 3565; x_wconf 92' lang='lat' dir='ltr'>et</span> <span class='ocrx_word' id='word_1_211' title='bbox 788 3501 824 3565; x_wconf 90' lang='lat' dir='ltr'>in</span> <span class='ocrx_word' id='word_1_212' title='bbox 845 3501 998 3567; x_wconf 82' lang='lat' dir='ltr'>uniuersi</span> <span class='ocrx_word' id='word_1_213' title='bbox 1017 3502 1219 3568; x_wconf 87' lang='lat' dir='ltr'>simulacris.</span> <span class='ocrx_word' id='word_1_214' title='bbox 1238 3505 1352 3589; x_wconf 74' lang='lat' dir='ltr'>Atque</span> <span class='ocrx_word' id='word_1_215' title='bbox 1371 3505 1419 3569; x_wconf 92' lang='lat' dir='ltr'>al·</span> 
     </span>
     <span class='ocr_line' id='line_1_26' title="bbox 207 3625 1417 3714; baseline 0.003 -23"><span class='ocrx_word' id='word_1_216' title='bbox 207 3637 249 3700; x_wconf 74' lang='grc'>25</span> <span class='ocrx_word' id='word_1_217' title='bbox 272 3626 342 3692; x_wconf 87' lang='lat' dir='ltr'>tius</span> <span class='ocrx_word' id='word_1_218' title='bbox 359 3625 666 3693; x_wconf 85' lang='lat' dir='ltr'>conscendentibus</span> <span class='ocrx_word' id='word_1_219' title='bbox 683 3648 753 3691; x_wconf 88' lang='lat' dir='ltr'>non</span> <span class='ocrx_word' id='word_1_220' title='bbox 769 3627 880 3692; x_wconf 88' lang='lat' dir='ltr'>solum</span> <span class='ocrx_word' id='word_1_221' title='bbox 895 3629 1079 3714; x_wconf 87' lang='lat' dir='ltr'>conspicua</span> <span class='ocrx_word' id='word_1_222' title='bbox 1095 3628 1161 3693; x_wconf 91' lang='lat' dir='ltr'>erit</span> <span class='ocrx_word' id='word_1_223' title='bbox 1177 3651 1246 3694; x_wconf 91' lang='lat' dir='ltr'>una</span> <span class='ocrx_word' id='word_1_224' title='bbox 1263 3630 1417 3695; x_wconf 89' lang='lat' dir='ltr'>omnium</span> 
     </span>
     <span class='ocr_line' id='line_1_27' title="bbox 274 3751 1416 3840; baseline 0.004 -24"><span class='ocrx_word' id='word_1_225' title='bbox 274 3752 359 3835; x_wconf 86' lang='lat' dir='ltr'>vita,</span> <span class='ocrx_word' id='word_1_226' title='bbox 374 3751 532 3818; x_wconf 87' lang='lat' dir='ltr'>nnumin</span> <span class='ocrx_word' id='word_1_227' title='bbox 551 3752 710 3817; x_wconf 89' lang='lat' dir='ltr'>omnibus</span> <span class='ocrx_word' id='word_1_228' title='bbox 728 3752 857 3836; x_wconf 86' lang='lat' dir='ltr'>lumen,</span> <span class='ocrx_word' id='word_1_229' title='bbox 875 3776 947 3839; x_wconf 87' lang='lat' dir='ltr'>una</span> <span class='ocrx_word' id='word_1_230' title='bbox 967 3754 1118 3839; x_wconf 79' lang='lat' dir='ltr'>bonitas,</span> <span class='ocrx_word' id='word_1_231' title='bbox 1140 3761 1174 3819; x_wconf 89' lang='lat' dir='ltr'>et</span> <span class='ocrx_word' id='word_1_232' title='bbox 1191 3756 1283 3840; x_wconf 86' lang='lat' dir='ltr'>quod</span> <span class='ocrx_word' id='word_1_233' title='bbox 1299 3779 1416 3821; x_wconf 83' lang='lat' dir='ltr'>ornnes</span> 
     </span>
     <span class='ocr_line' id='line_1_28' title="bbox 276 3879 1415 3966; baseline 0.004 -23"><span class='ocrx_word' id='word_1_234' title='bbox 276 3901 394 3944; x_wconf 87' lang='lat' dir='ltr'>sensus</span> <span class='ocrx_word' id='word_1_235' title='bbox 413 3884 495 3943; x_wconf 90' lang='lat' dir='ltr'>sunt</span> <span class='ocrx_word' id='word_1_236' title='bbox 513 3900 604 3944; x_wconf 87' lang='lat' dir='ltr'>unus</span> <span class='ocrx_word' id='word_1_237' title='bbox 623 3901 755 3962; x_wconf 86' lang='lat' dir='ltr'>sensus,</span> <span class='ocrx_word' id='word_1_238' title='bbox 776 3903 892 3945; x_wconf 90' lang='lat' dir='ltr'>omnes</span> <span class='ocrx_word' id='word_1_239' title='bbox 917 3879 1061 3944; x_wconf 85' lang='lat' dir='ltr'>notitiae</span> <span class='ocrx_word' id='word_1_240' title='bbox 1085 3889 1167 3946; x_wconf 90' lang='lat' dir='ltr'>sunt</span> <span class='ocrx_word' id='word_1_241' title='bbox 1190 3905 1259 3946; x_wconf 90' lang='lat' dir='ltr'>una</span> <span class='ocrx_word' id='word_1_242' title='bbox 1279 3881 1415 3966; x_wconf 87' lang='lat' dir='ltr'>notitia,</span> 
     </span>
     <span class='ocr_line' id='line_1_29' title="bbox 276 4003 1416 4091; baseline 0.004 -22"><span class='ocrx_word' id='word_1_243' title='bbox 276 4003 335 4069; x_wconf 86' lang='lat' dir='ltr'>sad</span> <span class='ocrx_word' id='word_1_244' title='bbox 354 4010 388 4069; x_wconf 89' lang='lat' dir='ltr'>et</span> <span class='ocrx_word' id='word_1_245' title='bbox 405 4003 496 4089; x_wconf 92' lang='lat' dir='ltr'>quod</span> <span class='ocrx_word' id='word_1_246' title='bbox 512 4004 629 4070; x_wconf 90' lang='lat' dir='ltr'>omnia</span> <span class='ocrx_word' id='word_1_247' title='bbox 648 4004 804 4085; x_wconf 83' lang='lat' dir='ltr'>tandem,</span> <span class='ocrx_word' id='word_1_248' title='bbox 826 4010 946 4091; x_wconf 90' lang='lat' dir='ltr'>utpote</span> <span class='ocrx_word' id='word_1_249' title='bbox 974 4005 1114 4089; x_wconf 80' lang='lat' dir='ltr'>notitia,</span> <span class='ocrx_word' id='word_1_250' title='bbox 1133 4031 1263 4090; x_wconf 86' lang='lat' dir='ltr'>sensus,</span> <span class='ocrx_word' id='word_1_251' title='bbox 1284 4008 1416 4091; x_wconf 86' lang='lat' dir='ltr'>lumen,</span> 
     </span>
    </p>
   </div>
   <div class='ocr_carea' id='block_1_6' title="bbox 274 4130 1418 4223">
    <p class='ocr_par' dir='ltr' id='par_1_6' title="bbox 274 4130 1418 4223">
     <span class='ocr_line' id='line_1_30' title="bbox 274 4130 1418 4223; baseline 0.008 -28"><span class='ocrx_word' id='word_1_252' title='bbox 274 4130 361 4214; x_wconf 87' lang='lat' dir='ltr'>vita,</span> <span class='ocrx_word' id='word_1_253' title='bbox 382 4140 463 4197; x_wconf 85' lang='lat' dir='ltr'>sunt</span> <span class='ocrx_word' id='word_1_254' title='bbox 483 4155 551 4197; x_wconf 90' lang='lat' dir='ltr'>una</span> <span class='ocrx_word' id='word_1_255' title='bbox 567 4132 732 4215; x_wconf 87' lang='lat' dir='ltr'>essentia,</span> <span class='ocrx_word' id='word_1_256' title='bbox 753 4155 821 4198; x_wconf 88' lang='lat' dir='ltr'>una</span> <span class='ocrx_word' id='word_1_257' title='bbox 840 4132 951 4199; x_wconf 90' lang='lat' dir='ltr'>virtus</span> <span class='ocrx_word' id='word_1_258' title='bbox 971 4140 1005 4199; x_wconf 92' lang='lat' dir='ltr'>et</span> <span class='ocrx_word' id='word_1_259' title='bbox 1026 4158 1094 4200; x_wconf 89' lang='lat' dir='ltr'>una</span> <span class='ocrx_word' id='word_1_260' title='bbox 1114 4138 1278 4223; x_wconf 86' lang='lat' dir='ltr'>operatio.</span> <span class='ocrx_word' id='word_1_261' title='bbox 1296 4140 1418 4204; x_wconf 84' lang='lat' dir='ltr'>Essen-</span> 
     </span>
    </p>
   </div>
   <div class='ocr_carea' id='block_1_7' title="bbox 282 4327 1416 4349">
    <p class='ocr_par' dir='ltr' id='par_1_7' title="bbox 282 4327 1416 4349">
     <span class='ocr_line' id='line_1_31' title="bbox 282 4327 1416 4349; baseline 0.011 -15"><span class='ocrx_word' id='word_1_262' title='bbox 282 4327 474 4336; x_wconf 68' lang='lat'>——-——..-.-</span> <span class='ocrx_word' id='word_1_263' title='bbox 722 4333 1097 4343; x_wconf 63' lang='grc'>-.----.--,-.--.,-</span> <span class='ocrx_word' id='word_1_264' title='bbox 1115 4337 1416 4349; x_wconf 65' lang='lat'>—-..—-—...-.—,...-</span> 
     </span>
    </p>
   </div>
   <div class='ocr_carea' id='block_1_8' title="bbox 274 4435 1416 4568">
    <p class='ocr_par' dir='ltr' id='par_1_8' title="bbox 274 4435 1416 4568">
     <span class='ocr_line' id='line_1_32' title="bbox 368 4435 1416 4510; baseline 0.011 -25"><span class='ocrx_word' id='word_1_265' title='bbox 368 4437 397 4486; x_wconf 85' lang='lat' dir='ltr'>ll</span> <span class='ocrx_word' id='word_1_266' title='bbox 415 4437 460 4487; x_wconf 85' lang='lat' dir='ltr'>Ad</span> <span class='ocrx_word' id='word_1_267' title='bbox 473 4451 576 4497; x_wconf 87' lang='lat' dir='ltr'>unum,</span> <span class='ocrx_word' id='word_1_268' title='bbox 590 4437 711 4503; x_wconf 86' lang='lat' dir='ltr'>demque</span> <span class='ocrx_word' id='word_1_269' title='bbox 726 4435 784 4502; x_wconf 76' lang='lat' dir='ltr'>(sic)</span> <span class='ocrx_word' id='word_1_270' title='bbox 799 4436 825 4487; x_wconf 90' lang='lat' dir='ltr'><em>P</em></span> <span class='ocrx_word' id='word_1_271' title='bbox 888 4440 919 4490; x_wconf 84' lang='lat'>13</span> <span class='ocrx_word' id='word_1_272' title='bbox 936 4441 992 4499; x_wconf 83' lang='lat' dir='ltr'>(in)</span> <span class='ocrx_word' id='word_1_273' title='bbox 1007 4457 1056 4490; x_wconf 72' lang='lat' dir='ltr'>oiri.</span> <span class='ocrx_word' id='word_1_274' title='bbox 1072 4438 1097 4489; x_wconf 91' lang='lat' dir='ltr'><em>P</em></span> <span class='ocrx_word' id='word_1_275' title='bbox 1161 4443 1191 4492; x_wconf 84' lang='grc'>16</span> <span class='ocrx_word' id='word_1_276' title='bbox 1208 4443 1416 4510; x_wconf 80' lang='lat' dir='ltr'>liernisplrerico</span> 
     </span>
     <span class='ocr_line' id='line_1_33' title="bbox 274 4515 774 4568; baseline 0.004 -4"><span class='ocrx_word' id='word_1_277' title='bbox 274 4515 405 4566; x_wconf 81' lang='lat' dir='ltr'>orizonte</span> <span class='ocrx_word' id='word_1_278' title='bbox 419 4517 444 4566; x_wconf 91' lang='lat' dir='ltr'><em>P</em></span> <span class='ocrx_word' id='word_1_279' title='bbox 506 4517 539 4566; x_wconf 77' lang='lat'>24</span> <span class='ocrx_word' id='word_1_280' title='bbox 552 4517 734 4568; x_wconf 82' lang='lat' dir='ltr'>simulachris</span> <span class='ocrx_word' id='word_1_281' title='bbox 748 4517 774 4566; x_wconf 92' lang='lat' dir='ltr'><em>P</em></span> 
     </span>
    </p>
   </div>
   <div class='ocr_carea' id='block_1_9' title="bbox 0 0 1716 5122">
    <p class='ocr_par' dir='ltr' id='par_1_9' title="bbox 0 0 1716 5122">
     <span class='ocr_line' id='line_1_34' title="bbox 0 0 1716 5122; baseline 0 0"><span class='ocrx_word' id='word_1_282' title='bbox 0 0 1716 5122; x_wconf 95' lang='lat' dir='ltr'> </span> 
     </span>
    </p>
   </div>
  </div>
 </body>
</html>
