3414 5122
771 392 911 437 Ioauaul
932 392 1035 436 Bavui

446 780 621 848 SIGILLI
656 780 947 848 SIGILLORVM
982 780 1199 847 SECVNDA
1234 781 1364 847 PARS.
1497 708 1597 861 {gl

420 1112 479 1199 (1.)
507 1113 800 1194 Quemadmodum
830 1114 996 1199 festucae,
1016 1113 1148 1201 paleae,
1168 1113 1350 1200 pelliculae
1380 1121 1415 1179 et
1438 1113 1474 1178 id

331 1268 441 1333 genus
460 1243 543 1325 alia,
563 1243 602 1308 in
624 1242 742 1328 ignem
760 1241 926 1328 proiecta,
950 1242 994 1307 ad
1016 1242 1126 1307 instar
1149 1263 1267 1308 eorum
1291 1265 1378 1328 quae
1402 1244 1475 1308 sola

331 1393 434 1437 sensu
464 1367 622 1456 praedita
640 1366 817 1450 dicuntur,
849 1367 947 1452 quasi
969 1367 1159 1433 instantem
1188 1376 1474 1455 praesentemque

288 1501 309 1564 ὃ
333 1494 592 1582 corruptionem
625 1491 798 1578 fugientia
828 1492 1093 1578 contrahuntur,
1122 1492 1305 1579 refugiunt
1334 1517 1473 1579 seseque

329 1629 370 1688 ut
405 1626 550 1708 possunt
582 1616 663 1683 inde
695 1616 910 1705 proripiunt3
945 1618 995 1683 ita
1024 1617 1114 1684 nulli
1142 1619 1399 1704 quantumlibet
1430 1620 1475 1685 ad

330 1766 468 1813 sensum
491 1743 649 1830 neglecto
680 1748 715 1807 61
742 1741 909 1807 imbecilli
931 1741 1142 1829 principium
1172 1743 1333 1809 naturale
1363 1744 1473 1826 deest,

331 1893 401 1956 quo
419 1868 543 1936 melius
563 1868 607 1934 ad
626 1873 842 1955 praesentem
862 1874 991 1933 statum
1010 1891 1046 1934 se
1064 1868 1188 1935 fulciat
1204 1875 1308 1954 atque
1324 1876 1473 1935 tueatur.

332 1995 371 2062 Si
404 1995 533 2082 quippe
571 1991 777 2080 profundius
810 1991 1006 2075 intuebere,
1047 1993 1136 2059 nihil
1170 1994 1254 2059 adeo
1293 1994 1472 2079 mutilum,

268 2134 309 2197 10
332 2120 503 2188 abscisum
533 2126 568 2185 et
597 2125 792 2184 emortuum
823 2118 1023 2206 compensa,
1055 2120 1148 2204 quod
1177 2120 1294 2206 aliqua
1317 2121 1372 2186 sui
1401 2143 1473 2185 esse

332 2252 433 2333 (quae
460 2252 495 2310 61
515 2243 777 2330 qualiscumque
795 2244 841 2308 sit
859 2244 931 2326 illa)
952 2244 1139 2310 intrinseca
1164 2268 1245 2310 cura
1264 2245 1310 2310 sit
1332 2245 1473 2332 penitus

331 2372 548 2439 destitutum.
567 2370 636 2435 Pro
667 2368 777 2435 animi
799 2369 909 2455 igitur
937 2369 1189 2456 perfectionum
1219 2371 1331 2436 tutela
1354 2371 1397 2436 ad
1417 2371 1474 2436 do·

332 2498 513 2565 mesticum
546 2494 655 2562 animi
673 2494 785 2560 nostri
813 2495 1053 2581 magisterium
1072 2494 1266 2561 instruendi
1297 2503 1474 2561 convorta-

330 2645 429 2706 mur,
447 2622 545 2689 adest
564 2621 693 2708 quippe
711 2619 764 2685 illi
783 2641 803 2685 a
823 2619 936 2708 patric
956 2621 1043 2686 lueis
1055 2627 1089 2686 et
1107 2620 1324 2705 intelligibili
1343 2622 1472 2687 mundo

266 2766 307 2831 15
331 2749 503 2835 exulanti,
519 2754 699 2834 tamquam
711 2747 749 2812 in
760 2746 871 2834 puppi
887 2747 1104 2837 praesidens
1123 2747 1293 2813 naturalis
1310 2747 1471 2831 scenitae,
1497 2747 1586 2809 1'3r

331 2899 399 2964 qua
418 2875 503 2941 duce
533 2875 644 2942 veluti
663 2873 820 2940 scintilla
850 2897 947 2941 suam
976 2883 1142 2962 appetens
1171 2873 1365 2961 sphaeram,
1385 2898 1405 2940 a
1423 2898 1475 2940 re·

330 2999 551 3068 tardantibus
570 3022 710 3067 cursum
728 3006 869 3066 revocat
884 3008 919 3066 61
938 3001 1043 3066 etiam
1062 2999 1218 3065 nesciens
1237 3000 1416 3065 avertitur.

421 3125 557 3206 Quanto
586 3133 705 3193 autem
732 3126 910 3212 potentior
938 3134 989 3192 est
1019 3125 1155 3192 animus
1185 3149 1290 3213 supra
1314 3149 1473 3215 corpora,

330 3258 428 3319 tanto
452 3251 675 3340 pollentiores
695 3250 891 3317 aversiones
920 3251 1038 3336 habet,
1058 3275 1101 3317 ne
1121 3274 1141 3317 a
1163 3252 1314 3340 propriis
1333 3260 1473 3317 natura-

263 3391 308 3455 20
329 3378 489 3464 libusque
508 3376 796 3464 dispositionibus
816 3383 850 3442 et
869 3377 1003 3443 actibus
1033 3400 1094 3465 per
1113 3378 1277 3443 materiae
1295 3377 1471 3444 turbantis

330 3505 544 3591 impulsuum
562 3504 711 3570 vortices
729 3503 949 3591 impediatur.
970 3504 1145 3591 Cognosce
1164 3505 1285 3591 igitur,
1306 3526 1472 3591 cognosce

329 3628 548 3712 diverticula,
570 3650 706 3715 quoquc
726 3629 826 3696 modo
846 3630 1009 3697 adversus
1028 3631 1113 3699 adeo
1132 3654 1268 3698 caecam
1288 3631 1471 3717 caliginem

331 3753 570 3843 depellendam
589 3778 607 3820 6
628 3754 762 3821 foribus
782 3755 828 3822 sit
847 3756 1080 3842 eluctandum,
1100 3756 1226 3823 videto.

419 3879 545 3947 Videte
579 3882 732 3969 primum
769 3888 916 3967 quatuor
951 3882 1105 3950 internos
1135 3890 1275 3950 actuum
1309 3890 1471 3949 rectores:

265 4015 308 4078 25
332 4028 520 4088 amorem,
555 4013 695 4091 artem,
727 4007 915 4095 magiam,
946 4009 1169 4075 mathesim.

421 4304 611 4365 2(l.>ouaP
658 4306 760 4371 2.6cf.
774 4307 894 4372 Lampas
907 4307 1092 4374 trigintaatat.
1106 4311 1271 4374 realesqq.
1320 4313 1472 4363 10116616-

330 4384 429 4436 eumd
478 4386 507 4434 11
522 4386 765 4452 qualiscunqch
813 4388 981 4454 paenitusl'
1030 4390 1059 4439 13
1071 4391 1247 4455 magisterim
1258 4388 1316 4456 (sic)
1328 4394 1472 4443 instruen-

329 4463 357 4517 di
372 4464 412 4515 P:
425 4464 589 4517 instruendi
604 4468 835 4531 magisteriumG
897 4470 930 4521 22
946 4485 1058 4522 coccam
1073 4472 1099 4522 P
