<?xml version="1.0" encoding="UTF-8"?>
<!DOCTYPE html PUBLIC "-//W3C//DTD XHTML 1.0 Transitional//EN"
    "http://www.w3.org/TR/xhtml1/DTD/xhtml1-transitional.dtd">
<html xmlns="http://www.w3.org/1999/xhtml" xml:lang="en" lang="en">
 <head>
  <title>
</title>
<meta http-equiv="Content-Type" content="text/html;charset=utf-8" />
  <meta name='ocr-system' content='tesseract 3.04.00' />
  <meta name='ocr-capabilities' content='ocr_page ocr_carea ocr_par ocr_line ocrx_word'/>
</head>
<body>
  <div class='ocr_page' id='page_1' title='image "./jordanibruninol03brungoog_0104.png"; bbox 0 0 3414 5122; ppageno 0'>
   <div class='ocr_carea' id='block_1_1' title="bbox 665 377 1393 434">
    <p class='ocr_par' dir='ltr' id='par_1_1' title="bbox 665 377 1393 434">
     <span class='ocr_line' id='line_1_1' title="bbox 665 377 1393 434; baseline 0.004 -4"><span class='ocrx_word' id='word_1_1' title='bbox 665 387 823 434; x_wconf 75' lang='grc'><strong>’1111011111</strong></span> <span class='ocrx_word' id='word_1_2' title='bbox 845 388 972 433; x_wconf 79' lang='lat' dir='ltr'>eruum.</span> <span class='ocrx_word' id='word_1_3' title='bbox 1355 377 1393 433; x_wconf 79' lang='grc'>93</span> 
     </span>
    </p>
   </div>
   <div class='ocr_carea' id='block_1_2' title="bbox 208 541 1470 1266">
    <p class='ocr_par' dir='ltr' id='par_1_2' title="bbox 250 541 1470 1010">
     <span class='ocr_line' id='line_1_2' title="bbox 251 541 1394 628; baseline 0.003 -20"><span class='ocrx_word' id='word_1_4' title='bbox 251 542 415 609; x_wconf 78' lang='lat' dir='ltr'><strong>circuitus</strong></span> <span class='ocrx_word' id='word_1_5' title='bbox 435 550 469 609; x_wconf 91' lang='lat' dir='ltr'>et</span> <span class='ocrx_word' id='word_1_6' title='bbox 489 542 677 609; x_wconf 85' lang='lat' dir='ltr'>Daedaleae</span> <span class='ocrx_word' id='word_1_7' title='bbox 690 541 1010 609; x_wconf 89' lang='lat' dir='ltr'>manuducebantur</span> <span class='ocrx_word' id='word_1_8' title='bbox 1023 543 1195 628; x_wconf 88' lang='lat' dir='ltr'>officinas,</span> <span class='ocrx_word' id='word_1_9' title='bbox 1212 553 1251 610; x_wconf 97' lang='lat' dir='ltr'>ut</span> <span class='ocrx_word' id='word_1_10' title='bbox 1270 545 1394 611; x_wconf 87' lang='lat' dir='ltr'>iisdem</span> 
     </span>
     <span class='ocr_line' id='line_1_3' title="bbox 250 668 1394 760; baseline 0.003 -26"><span class='ocrx_word' id='word_1_11' title='bbox 250 668 403 755; x_wconf 89' lang='lat' dir='ltr'>proficua</span> <span class='ocrx_word' id='word_1_12' title='bbox 423 677 527 755; x_wconf 89' lang='lat' dir='ltr'>atque</span> <span class='ocrx_word' id='word_1_13' title='bbox 552 669 795 736; x_wconf 88' lang='lat' dir='ltr'>convenientia</span> <span class='ocrx_word' id='word_1_14' title='bbox 822 669 1027 753; x_wconf 76' lang='lat' dir='ltr'>evellerent,</span> <span class='ocrx_word' id='word_1_15' title='bbox 1048 670 1284 759; x_wconf 78' lang='lat' dir='ltr'>decerperent,</span> <span class='ocrx_word' id='word_1_16' title='bbox 1304 672 1394 760; x_wconf 86' lang='lat' dir='ltr'>lege·</span> 
     </span>
     <span class='ocr_line' id='line_1_4' title="bbox 252 798 1470 888; baseline 0.006 -27"><span class='ocrx_word' id='word_1_17' title='bbox 252 803 342 880; x_wconf 87' lang='lat' dir='ltr'>rent,</span> <span class='ocrx_word' id='word_1_18' title='bbox 370 804 532 884; x_wconf 73' lang='lat' dir='ltr'>caperent</span> <span class='ocrx_word' id='word_1_19' title='bbox 556 803 661 883; x_wconf 89' lang='lat' dir='ltr'>atque</span> <span class='ocrx_word' id='word_1_20' title='bbox 677 805 925 886; x_wconf 89' lang='lat' dir='ltr'>compararent.</span> <span class='ocrx_word' id='word_1_21' title='bbox 949 799 953 888; x_wconf 83' lang='grc' dir='ltr'>Ι</span> <span class='ocrx_word' id='word_1_22' title='bbox 975 798 1032 864; x_wconf 87' lang='lat' dir='ltr'>Sic</span> <span class='ocrx_word' id='word_1_23' title='bbox 1052 798 1144 865; x_wconf 89' lang='lat' dir='ltr'>enim</span> <span class='ocrx_word' id='word_1_24' title='bbox 1163 800 1292 866; x_wconf 89' lang='lat' dir='ltr'>talibus</span> <span class='ocrx_word' id='word_1_25' title='bbox 1311 799 1393 865; x_wconf 85' lang='lat' dir='ltr'>freti</span> <span class='ocrx_word' id='word_1_26' title='bbox 1419 806 1470 868; x_wconf 77' lang='lat' dir='ltr'>9r</span> 
     </span>
     <span class='ocr_line' id='line_1_5' title="bbox 251 922 1393 1010; baseline 0.003 -24"><span class='ocrx_word' id='word_1_27' title='bbox 251 922 467 1008; x_wconf 88' lang='lat' dir='ltr'>muneribus,</span> <span class='ocrx_word' id='word_1_28' title='bbox 488 923 549 1009; x_wconf 87' lang='lat' dir='ltr'>qui</span> <span class='ocrx_word' id='word_1_29' title='bbox 567 922 663 1010; x_wconf 81' lang='lat' dir='ltr'>ripae</span> <span class='ocrx_word' id='word_1_30' title='bbox 689 923 864 989; x_wconf 82' lang='lat' dir='ltr'>ulterioris</span> <span class='ocrx_word' id='word_1_31' title='bbox 883 924 1093 990; x_wconf 83' lang='lat' dir='ltr'>tenebantur</span> <span class='ocrx_word' id='word_1_32' title='bbox 1118 948 1246 1010; x_wconf 86' lang='lat' dir='ltr'>amore,</span> <span class='ocrx_word' id='word_1_33' title='bbox 1276 925 1393 991; x_wconf 85' lang='lat' dir='ltr'>tristes</span> 
     </span>
    </p>

    <p class='ocr_par' dir='ltr' id='par_1_3' title="bbox 208 1046 1394 1266">
     <span class='ocr_line' id='line_1_6' title="bbox 208 1046 1394 1136; baseline 0.002 -20"><span class='ocrx_word' id='word_1_34' title='bbox 208 1053 230 1116; x_wconf 81' lang='lat'>5</span> <span class='ocrx_word' id='word_1_35' title='bbox 253 1046 374 1136; x_wconf 85' lang='lat' dir='ltr'>Stygis</span> <span class='ocrx_word' id='word_1_36' title='bbox 403 1051 514 1117; x_wconf 88' lang='lat' dir='ltr'>undas</span> <span class='ocrx_word' id='word_1_37' title='bbox 542 1050 824 1132; x_wconf 81' lang='lat' dir='ltr'>transvadantes,</span> <span class='ocrx_word' id='word_1_38' title='bbox 857 1052 893 1117; x_wconf 91' lang='lat' dir='ltr'>in</span> <span class='ocrx_word' id='word_1_39' title='bbox 923 1051 1119 1119; x_wconf 85' lang='lat' dir='ltr'>fortunatos</span> <span class='ocrx_word' id='word_1_40' title='bbox 1144 1052 1394 1118; x_wconf 81' lang='lat' dir='ltr'>incolumitatis</span> 
     </span>
     <span class='ocr_line' id='line_1_7' title="bbox 254 1178 638 1266; baseline 0.008 -25"><span class='ocrx_word' id='word_1_41' title='bbox 254 1199 393 1265; x_wconf 88' lang='lat' dir='ltr'>campos</span> <span class='ocrx_word' id='word_1_42' title='bbox 408 1178 638 1266; x_wconf 90' lang='lat' dir='ltr'>appellebant.</span> 
     </span>
    </p>
   </div>
   <div class='ocr_carea' id='block_1_3' title="bbox 704 1512 938 1579">
    <p class='ocr_par' dir='ltr' id='par_1_4' title="bbox 704 1512 938 1579">
     <span class='ocr_line' id='line_1_8' title="bbox 704 1512 938 1579; baseline 0 -2"><span class='ocrx_word' id='word_1_43' title='bbox 704 1512 766 1579; x_wconf 84' lang='lat' dir='ltr'>DE</span> <span class='ocrx_word' id='word_1_44' title='bbox 801 1512 938 1579; x_wconf 80' lang='lat' dir='ltr'>ALuA.</span> 
     </span>
    </p>
   </div>
   <div class='ocr_carea' id='block_1_4' title="bbox 718 1659 918 1709">
    <p class='ocr_par' dir='ltr' id='par_1_5' title="bbox 718 1659 918 1709">
     <span class='ocr_line' id='line_1_9' title="bbox 718 1659 918 1709; baseline -0.005 -9"><span class='ocrx_word' id='word_1_45' title='bbox 718 1659 799 1700; x_wconf 78' lang='lat' dir='ltr'>xxiv.</span> <span class='ocrx_word' id='word_1_46' title='bbox 815 1659 918 1709; x_wconf 63' lang='lat' dir='ltr'>argirius..</span> 
     </span>
    </p>
   </div>
   <div class='ocr_carea' id='block_1_5' title="bbox 192 1901 1403 3889">
    <p class='ocr_par' dir='ltr' id='par_1_6' title="bbox 346 1901 1398 1992">
     <span class='ocr_line' id='line_1_10' title="bbox 346 1901 1398 1992; baseline 0.003 -24"><span class='ocrx_word' id='word_1_47' title='bbox 346 1901 524 1990; x_wconf 88' lang='lat' dir='ltr'>Siquidem</span> <span class='ocrx_word' id='word_1_48' title='bbox 543 1903 637 1968; x_wconf 89' lang='lat' dir='ltr'>aleae</span> <span class='ocrx_word' id='word_1_49' title='bbox 657 1903 772 1968; x_wconf 90' lang='lat' dir='ltr'>nullus</span> <span class='ocrx_word' id='word_1_50' title='bbox 800 1902 893 1991; x_wconf 90' lang='lat' dir='ltr'>apud</span> <span class='ocrx_word' id='word_1_51' title='bbox 921 1903 1140 1991; x_wconf 83' lang='lat' dir='ltr'>empiricam,</span> <span class='ocrx_word' id='word_1_52' title='bbox 1160 1904 1306 1989; x_wconf 88' lang='lat' dir='ltr'>fontem,</span> <span class='ocrx_word' id='word_1_53' title='bbox 1326 1928 1398 1992; x_wconf 87' lang='lat' dir='ltr'>spe·</span> 
     </span>
    </p>

    <p class='ocr_par' dir='ltr' id='par_1_7' title="bbox 192 2027 1400 2872">
     <span class='ocr_line' id='line_1_11' title="bbox 192 2027 1395 2117; baseline 0.002 -24"><span class='ocrx_word' id='word_1_54' title='bbox 192 2035 234 2099; x_wconf 84' lang='lat'>10</span> <span class='ocrx_word' id='word_1_55' title='bbox 256 2027 386 2109; x_wconf 88' lang='lat' dir='ltr'>culum,</span> <span class='ocrx_word' id='word_1_56' title='bbox 416 2028 562 2115; x_wconf 84' lang='lat' dir='ltr'>figulum</span> <span class='ocrx_word' id='word_1_57' title='bbox 588 2034 802 2113; x_wconf 87' lang='lat' dir='ltr'>caeteraque,</span> <span class='ocrx_word' id='word_1_58' title='bbox 827 2051 891 2093; x_wconf 89' lang='lat' dir='ltr'>nec</span> <span class='ocrx_word' id='word_1_59' title='bbox 920 2028 957 2093; x_wconf 88' lang='lat' dir='ltr'>in</span> <span class='ocrx_word' id='word_1_60' title='bbox 986 2052 1122 2117; x_wconf 88' lang='lat' dir='ltr'>campo,</span> <span class='ocrx_word' id='word_1_61' title='bbox 1142 2053 1204 2095; x_wconf 88' lang='lat' dir='ltr'>nec</span> <span class='ocrx_word' id='word_1_62' title='bbox 1229 2030 1266 2094; x_wconf 91' lang='lat' dir='ltr'>in</span> <span class='ocrx_word' id='word_1_63' title='bbox 1286 2032 1395 2114; x_wconf 79' lang='lat' dir='ltr'>caelo,</span> 
     </span>
     <span class='ocr_line' id='line_1_12' title="bbox 255 2154 1394 2240; baseline 0.004 -22"><span class='ocrx_word' id='word_1_64' title='bbox 255 2176 319 2219; x_wconf 89' lang='lat' dir='ltr'>nec</span> <span class='ocrx_word' id='word_1_65' title='bbox 339 2154 376 2219; x_wconf 89' lang='lat' dir='ltr'>in</span> <span class='ocrx_word' id='word_1_66' title='bbox 394 2154 559 2240; x_wconf 87' lang='lat' dir='ltr'>encycliis</span> <span class='ocrx_word' id='word_1_67' title='bbox 579 2154 791 2240; x_wconf 86' lang='lat' dir='ltr'>caeterisque</span> <span class='ocrx_word' id='word_1_68' title='bbox 809 2155 904 2219; x_wconf 92' lang='lat' dir='ltr'>locus</span> <span class='ocrx_word' id='word_1_69' title='bbox 923 2161 1044 2237; x_wconf 86' lang='lat' dir='ltr'>vacat,</span> <span class='ocrx_word' id='word_1_70' title='bbox 1065 2154 1256 2221; x_wconf 89' lang='lat' dir='ltr'>machinati</span> <span class='ocrx_word' id='word_1_71' title='bbox 1275 2177 1394 2222; x_wconf 88' lang='lat' dir='ltr'>sumus</span> 
     </span>
     <span class='ocr_line' id='line_1_13' title="bbox 256 2278 1396 2366; baseline 0.003 -22"><span class='ocrx_word' id='word_1_72' title='bbox 256 2278 340 2345; x_wconf 91' lang='lat' dir='ltr'>haec</span> <span class='ocrx_word' id='word_1_73' title='bbox 358 2279 533 2365; x_wconf 88' lang='lat' dir='ltr'>ulteriora,</span> <span class='ocrx_word' id='word_1_74' title='bbox 554 2302 642 2365; x_wconf 87' lang='lat' dir='ltr'>quae</span> <span class='ocrx_word' id='word_1_75' title='bbox 659 2279 789 2345; x_wconf 86' lang='lat' dir='ltr'>talibus</span> <span class='ocrx_word' id='word_1_76' title='bbox 808 2279 908 2345; x_wconf 87' lang='lat' dir='ltr'>valde</span> <span class='ocrx_word' id='word_1_77' title='bbox 926 2280 1092 2346; x_wconf 91' lang='lat' dir='ltr'>videntur</span> <span class='ocrx_word' id='word_1_78' title='bbox 1116 2280 1396 2366; x_wconf 87' lang='lat' dir='ltr'>adcommodata,</span> 
     </span>
     <span class='ocr_line' id='line_1_14' title="bbox 256 2404 1396 2494; baseline 0 -21"><span class='ocrx_word' id='word_1_79' title='bbox 256 2428 344 2491; x_wconf 89' lang='lat' dir='ltr'>quae</span> <span class='ocrx_word' id='word_1_80' title='bbox 362 2406 489 2473; x_wconf 90' lang='lat' dir='ltr'>nedum</span> <span class='ocrx_word' id='word_1_81' title='bbox 509 2428 639 2471; x_wconf 91' lang='lat' dir='ltr'>moram</span> <span class='ocrx_word' id='word_1_82' title='bbox 658 2404 924 2493; x_wconf 90' lang='lat' dir='ltr'>repetendarum</span> <span class='ocrx_word' id='word_1_83' title='bbox 943 2407 1075 2473; x_wconf 88' lang='lat' dir='ltr'>sedium</span> <span class='ocrx_word' id='word_1_84' title='bbox 1104 2430 1174 2473; x_wconf 92' lang='lat' dir='ltr'>non</span> <span class='ocrx_word' id='word_1_85' title='bbox 1201 2407 1396 2494; x_wconf 85' lang='lat' dir='ltr'>patiuntur,</span> 
     </span>
     <span class='ocr_line' id='line_1_15' title="bbox 256 2531 1399 2619; baseline 0 -21"><span class='ocrx_word' id='word_1_86' title='bbox 256 2532 374 2598; x_wconf 89' lang='lat' dir='ltr'>sedet</span> <span class='ocrx_word' id='word_1_87' title='bbox 401 2532 438 2598; x_wconf 87' lang='lat' dir='ltr'>in</span> <span class='ocrx_word' id='word_1_88' title='bbox 466 2531 587 2598; x_wconf 90' lang='lat' dir='ltr'>ordine</span> <span class='ocrx_word' id='word_1_89' title='bbox 613 2531 871 2619; x_wconf 91' lang='lat' dir='ltr'>proiicientium</span> <span class='ocrx_word' id='word_1_90' title='bbox 899 2532 1044 2616; x_wconf 90' lang='lat' dir='ltr'>incerta,</span> <span class='ocrx_word' id='word_1_91' title='bbox 1075 2532 1257 2599; x_wconf 87' lang='lat' dir='ltr'>indefinita</span> <span class='ocrx_word' id='word_1_92' title='bbox 1282 2533 1399 2599; x_wconf 90' lang='lat' dir='ltr'>incon-</span> 
     </span>
     <span class='ocr_line' id='line_1_16' title="bbox 192 2656 1399 2746; baseline 0.001 -22"><span class='ocrx_word' id='word_1_93' title='bbox 192 2665 234 2730; x_wconf 80' lang='lat'>15</span> <span class='ocrx_word' id='word_1_94' title='bbox 258 2659 456 2742; x_wconf 79' lang='lat' dir='ltr'>stantiaque</span> <span class='ocrx_word' id='word_1_95' title='bbox 479 2656 642 2723; x_wconf 84' lang='lat' dir='ltr'>existunt.</span> <span class='ocrx_word' id='word_1_96' title='bbox 667 2658 721 2722; x_wconf 88' lang='lat' dir='ltr'>Ita</span> <span class='ocrx_word' id='word_1_97' title='bbox 752 2657 861 2744; x_wconf 85' lang='lat' dir='ltr'>igitur</span> <span class='ocrx_word' id='word_1_98' title='bbox 887 2657 1060 2746; x_wconf 89' lang='lat' dir='ltr'>principio</span> <span class='ocrx_word' id='word_1_99' title='bbox 1089 2658 1329 2745; x_wconf 88' lang='lat' dir='ltr'>providebam,</span> <span class='ocrx_word' id='word_1_100' title='bbox 1358 2667 1399 2725; x_wconf 89' lang='lat' dir='ltr'>ut</span> 
     </span>
     <span class='ocr_line' id='line_1_17' title="bbox 257 2782 1400 2872; baseline 0 -23"><span class='ocrx_word' id='word_1_101' title='bbox 257 2784 483 2872; x_wconf 88' lang='lat' dir='ltr'>proiectorem</span> <span class='ocrx_word' id='word_1_102' title='bbox 500 2782 696 2866; x_wconf 90' lang='lat' dir='ltr'>Pontificis,</span> <span class='ocrx_word' id='word_1_103' title='bbox 713 2782 848 2866; x_wconf 88' lang='lat' dir='ltr'>Mortis,</span> <span class='ocrx_word' id='word_1_104' title='bbox 866 2782 1037 2866; x_wconf 90' lang='lat' dir='ltr'>Lemuris,</span> <span class='ocrx_word' id='word_1_105' title='bbox 1058 2784 1258 2866; x_wconf 90' lang='lat' dir='ltr'>Daemonis,</span> <span class='ocrx_word' id='word_1_106' title='bbox 1275 2785 1400 2851; x_wconf 81' lang='lat' dir='ltr'>Fortu·</span> 
     </span>
    </p>

    <p class='ocr_par' dir='ltr' id='par_1_8' title="bbox 229 2909 1398 3253">
     <span class='ocr_line' id='line_1_18' title="bbox 229 2909 1397 2998; baseline -0.003 -19"><span class='ocrx_word' id='word_1_107' title='bbox 229 2982 232 2987; x_wconf 21' lang='lat'><strong>⁴</strong></span> <span class='ocrx_word' id='word_1_108' title='bbox 257 2935 334 2996; x_wconf 87' lang='lat' dir='ltr'>nae,</span> <span class='ocrx_word' id='word_1_109' title='bbox 355 2911 517 2977; x_wconf 88' lang='lat' dir='ltr'>mitratus</span> <span class='ocrx_word' id='word_1_110' title='bbox 536 2917 696 2996; x_wconf 86' lang='lat' dir='ltr'>ungeret,</span> <span class='ocrx_word' id='word_1_111' title='bbox 715 2909 881 2997; x_wconf 81' lang='lat' dir='ltr'>falcigera</span> <span class='ocrx_word' id='word_1_112' title='bbox 900 2910 1034 2995; x_wconf 87' lang='lat' dir='ltr'>feriret,</span> <span class='ocrx_word' id='word_1_113' title='bbox 1048 2912 1207 2997; x_wconf 87' lang='lat' dir='ltr'>corniger</span> <span class='ocrx_word' id='word_1_114' title='bbox 1224 2911 1397 2998; x_wconf 88' lang='lat' dir='ltr'>pulsaret,</span> 
     </span>
     <span class='ocr_line' id='line_1_19' title="bbox 259 3038 1398 3125; baseline -0.002 -19"><span class='ocrx_word' id='word_1_115' title='bbox 259 3039 389 3106; x_wconf 82' lang='lat' dir='ltr'>tibicen</span> <span class='ocrx_word' id='word_1_116' title='bbox 418 3039 640 3123; x_wconf 88' lang='lat' dir='ltr'>obtunderet,</span> <span class='ocrx_word' id='word_1_117' title='bbox 660 3046 737 3103; x_wconf 88' lang='lat' dir='ltr'>rota</span> <span class='ocrx_word' id='word_1_118' title='bbox 765 3043 953 3125; x_wconf 74' lang='lat' dir='ltr'>premeret,</span> <span class='ocrx_word' id='word_1_119' title='bbox 974 3060 1060 3122; x_wconf 89' lang='lat' dir='ltr'>quae</span> <span class='ocrx_word' id='word_1_120' title='bbox 1080 3039 1196 3105; x_wconf 88' lang='lat' dir='ltr'>omnia</span> <span class='ocrx_word' id='word_1_121' title='bbox 1225 3038 1302 3106; x_wconf 90' lang='lat' dir='ltr'>aliis</span> <span class='ocrx_word' id='word_1_122' title='bbox 1325 3062 1398 3104; x_wconf 88' lang='lat' dir='ltr'>rnu-</span> 
     </span>
     <span class='ocr_line' id='line_1_20' title="bbox 258 3164 1398 3253; baseline 0.001 -21"><span class='ocrx_word' id='word_1_123' title='bbox 258 3167 333 3232; x_wconf 87' lang='lat' dir='ltr'>nita</span> <span class='ocrx_word' id='word_1_124' title='bbox 348 3165 587 3232; x_wconf 88' lang='lat' dir='ltr'>functionibus</span> <span class='ocrx_word' id='word_1_125' title='bbox 603 3165 640 3229; x_wconf 92' lang='lat' dir='ltr'>in</span> <span class='ocrx_word' id='word_1_126' title='bbox 657 3164 881 3250; x_wconf 84' lang='lat' dir='ltr'>sequentibus</span> <span class='ocrx_word' id='word_1_127' title='bbox 897 3165 1120 3231; x_wconf 85' lang='lat' dir='ltr'>concursibus</span> <span class='ocrx_word' id='word_1_128' title='bbox 1141 3167 1176 3230; x_wconf 93' lang='lat' dir='ltr'>in</span> <span class='ocrx_word' id='word_1_129' title='bbox 1190 3165 1398 3253; x_wconf 89' lang='lat' dir='ltr'>proiectores</span> 
     </span>
    </p>

    <p class='ocr_par' dir='ltr' id='par_1_9' title="bbox 192 3290 1403 3889">
     <span class='ocr_line' id='line_1_21' title="bbox 192 3290 1399 3378; baseline -0.003 -16"><span class='ocrx_word' id='word_1_130' title='bbox 192 3298 237 3362; x_wconf 79' lang='lat'>20</span> <span class='ocrx_word' id='word_1_131' title='bbox 260 3293 488 3360; x_wconf 87' lang='lat' dir='ltr'>afficerentur.</span> <span class='ocrx_word' id='word_1_132' title='bbox 502 3291 635 3357; x_wconf 89' lang='lat' dir='ltr'>Deinde</span> <span class='ocrx_word' id='word_1_133' title='bbox 655 3291 790 3357; x_wconf 89' lang='lat' dir='ltr'>diversa</span> <span class='ocrx_word' id='word_1_134' title='bbox 813 3290 959 3356; x_wconf 90' lang='lat' dir='ltr'>diversis</span> <span class='ocrx_word' id='word_1_135' title='bbox 978 3290 1243 3358; x_wconf 87' lang='lat' dir='ltr'>destinabantur</span> <span class='ocrx_word' id='word_1_136' title='bbox 1262 3293 1399 3378; x_wconf 87' lang='lat' dir='ltr'>conflic-</span> 
     </span>
     <span class='ocr_line' id='line_1_22' title="bbox 259 3419 1401 3506; baseline 0.001 -19"><span class='ocrx_word' id='word_1_137' title='bbox 259 3421 353 3487; x_wconf 90' lang='lat' dir='ltr'>tibus</span> <span class='ocrx_word' id='word_1_138' title='bbox 372 3420 543 3504; x_wconf 85' lang='lat' dir='ltr'>triclinia,</span> <span class='ocrx_word' id='word_1_139' title='bbox 564 3443 711 3506; x_wconf 92' lang='lat' dir='ltr'>quorum</span> <span class='ocrx_word' id='word_1_140' title='bbox 724 3419 860 3505; x_wconf 83' lang='lat' dir='ltr'>singula</span> <span class='ocrx_word' id='word_1_141' title='bbox 881 3425 1044 3504; x_wconf 88' lang='lat' dir='ltr'>quattuor</span> <span class='ocrx_word' id='word_1_142' title='bbox 1057 3420 1211 3487; x_wconf 89' lang='lat' dir='ltr'>animata</span> <span class='ocrx_word' id='word_1_143' title='bbox 1222 3422 1401 3488; x_wconf 89' lang='lat' dir='ltr'>continen-</span> 
     </span>
     <span class='ocr_line' id='line_1_23' title="bbox 257 3545 1403 3632; baseline 0.003 -20"><span class='ocrx_word' id='word_1_144' title='bbox 257 3546 308 3612; x_wconf 89' lang='lat' dir='ltr'>tia</span> <span class='ocrx_word' id='word_1_145' title='bbox 327 3546 498 3629; x_wconf 87' lang='lat' dir='ltr'>subiecta,</span> <span class='ocrx_word' id='word_1_146' title='bbox 518 3570 560 3611; x_wconf 84' lang='lat' dir='ltr'>ex</span> <span class='ocrx_word' id='word_1_147' title='bbox 579 3546 764 3612; x_wconf 87' lang='lat' dir='ltr'>eorundem</span> <span class='ocrx_word' id='word_1_148' title='bbox 783 3545 1021 3611; x_wconf 83' lang='lat' dir='ltr'>accidentibus</span> <span class='ocrx_word' id='word_1_149' title='bbox 1041 3553 1206 3632; x_wconf 88' lang='lat' dir='ltr'>quattuor</span> <span class='ocrx_word' id='word_1_150' title='bbox 1229 3548 1403 3615; x_wconf 85' lang='lat' dir='ltr'>colluden-</span> 
     </span>
     <span class='ocr_line' id='line_1_24' title="bbox 257 3672 1402 3763; baseline 0.001 -23"><span class='ocrx_word' id='word_1_151' title='bbox 257 3681 332 3742; x_wconf 90' lang='lat' dir='ltr'>tum</span> <span class='ocrx_word' id='word_1_152' title='bbox 351 3675 581 3763; x_wconf 88' lang='lat' dir='ltr'>proiectiones</span> <span class='ocrx_word' id='word_1_153' title='bbox 602 3673 895 3760; x_wconf 83' lang='lat' dir='ltr'>adsignificarent,</span> <span class='ocrx_word' id='word_1_154' title='bbox 916 3672 997 3738; x_wconf 91' lang='lat' dir='ltr'>dum</span> <span class='ocrx_word' id='word_1_155' title='bbox 1018 3673 1089 3739; x_wconf 91' lang='lat' dir='ltr'>suis</span> <span class='ocrx_word' id='word_1_156' title='bbox 1109 3674 1243 3741; x_wconf 90' lang='lat' dir='ltr'>vicibus</span> <span class='ocrx_word' id='word_1_157' title='bbox 1261 3675 1317 3740; x_wconf 83' lang='lat' dir='ltr'>liic</span> <span class='ocrx_word' id='word_1_158' title='bbox 1341 3698 1402 3742; x_wconf 90' lang='lat' dir='ltr'>rex</span> 
     </span>
     <span class='ocr_line' id='line_1_25' title="bbox 259 3799 1402 3889; baseline 0 -22"><span class='ocrx_word' id='word_1_159' title='bbox 259 3809 432 3889; x_wconf 86' lang='lat' dir='ltr'>sceptrum</span> <span class='ocrx_word' id='word_1_160' title='bbox 453 3801 613 3881; x_wconf 85' lang='lat' dir='ltr'>collocat,</span> <span class='ocrx_word' id='word_1_161' title='bbox 631 3823 733 3867; x_wconf 87' lang='lat' dir='ltr'>senex</span> <span class='ocrx_word' id='word_1_162' title='bbox 753 3799 869 3882; x_wconf 88' lang='lat' dir='ltr'>cubat,</span> <span class='ocrx_word' id='word_1_163' title='bbox 894 3822 984 3865; x_wconf 88' lang='lat' dir='ltr'>mors</span> <span class='ocrx_word' id='word_1_164' title='bbox 1012 3800 1147 3884; x_wconf 90' lang='lat' dir='ltr'>emetit,</span> <span class='ocrx_word' id='word_1_165' title='bbox 1174 3801 1294 3888; x_wconf 83' lang='lat' dir='ltr'>regina</span> <span class='ocrx_word' id='word_1_166' title='bbox 1314 3823 1402 3867; x_wconf 87' lang='lat' dir='ltr'>corn-</span> 
     </span>
    </p>
   </div>
   <div class='ocr_carea' id='block_1_6' title="bbox 192 3925 1401 4018">
    <p class='ocr_par' dir='ltr' id='par_1_10' title="bbox 192 3925 1401 4018">
     <span class='ocr_line' id='line_1_26' title="bbox 192 3925 1401 4018; baseline 0 -23"><span class='ocrx_word' id='word_1_167' title='bbox 192 3941 236 4005; x_wconf 76' lang='grc'>25</span> <span class='ocrx_word' id='word_1_168' title='bbox 258 3929 430 4018; x_wconf 89' lang='lat' dir='ltr'>primitur.</span> <span class='ocrx_word' id='word_1_169' title='bbox 450 3929 504 3995; x_wconf 88' lang='lat' dir='ltr'>Ibi</span> <span class='ocrx_word' id='word_1_170' title='bbox 524 3951 604 3994; x_wconf 90' lang='lat' dir='ltr'>vero</span> <span class='ocrx_word' id='word_1_171' title='bbox 625 3934 659 3991; x_wconf 92' lang='lat' dir='ltr'>et</span> <span class='ocrx_word' id='word_1_172' title='bbox 679 3927 763 3992; x_wconf 90' lang='lat' dir='ltr'>alibi</span> <span class='ocrx_word' id='word_1_173' title='bbox 783 3925 917 4012; x_wconf 81' lang='lat' dir='ltr'>regina,</span> <span class='ocrx_word' id='word_1_174' title='bbox 938 3948 1041 4012; x_wconf 88' lang='lat' dir='ltr'>mors,</span> <span class='ocrx_word' id='word_1_175' title='bbox 1071 3949 1189 4011; x_wconf 85' lang='lat' dir='ltr'>senex,</span> <span class='ocrx_word' id='word_1_176' title='bbox 1218 3951 1277 3994; x_wconf 84' lang='lat' dir='ltr'>rex</span> <span class='ocrx_word' id='word_1_177' title='bbox 1297 3935 1401 4014; x_wconf 88' lang='lat' dir='ltr'>atque</span> 
     </span>
    </p>
   </div>
   <div class='ocr_carea' id='block_1_7' title="bbox 260 4053 1480 4268">
    <p class='ocr_par' dir='ltr' id='par_1_11' title="bbox 260 4053 1480 4268">
     <span class='ocr_line' id='line_1_27' title="bbox 260 4053 1480 4140; baseline 0.001 -18"><span class='ocrx_word' id='word_1_178' title='bbox 260 4056 386 4123; x_wconf 89' lang='lat' dir='ltr'>caeteri</span> <span class='ocrx_word' id='word_1_179' title='bbox 403 4056 561 4121; x_wconf 83' lang='lat' dir='ltr'>similiter</span> <span class='ocrx_word' id='word_1_180' title='bbox 581 4054 771 4120; x_wconf 86' lang='lat' dir='ltr'>adventant</span> <span class='ocrx_word' id='word_1_181' title='bbox 791 4061 894 4138; x_wconf 89' lang='lat' dir='ltr'>atque</span> <span class='ocrx_word' id='word_1_182' title='bbox 914 4054 1024 4118; x_wconf 85' lang='lat' dir='ltr'>aliter.</span> <span class='ocrx_word' id='word_1_183' title='bbox 1042 4053 1164 4119; x_wconf 88' lang='lat' dir='ltr'>Nescio</span> <span class='ocrx_word' id='word_1_184' title='bbox 1186 4057 1190 4140; x_wconf 90' lang='grc' dir='ltr'>Ι</span> <span class='ocrx_word' id='word_1_185' title='bbox 1211 4078 1256 4120; x_wconf 86' lang='lat' dir='ltr'>an</span> <span class='ocrx_word' id='word_1_186' title='bbox 1275 4056 1402 4123; x_wconf 90' lang='lat' dir='ltr'>minori</span> <span class='ocrx_word' id='word_1_187' title='bbox 1427 4060 1480 4123; x_wconf 69' lang='grc' dir='ltr'>9ν</span> 
     </span>
     <span class='ocr_line' id='line_1_28' title="bbox 260 4180 1401 4268; baseline -0.004 -18"><span class='ocrx_word' id='word_1_188' title='bbox 260 4184 418 4251; x_wconf 84' lang='lat' dir='ltr'>effectum</span> <span class='ocrx_word' id='word_1_189' title='bbox 448 4183 556 4249; x_wconf 83' lang='lat' dir='ltr'>fuerit</span> <span class='ocrx_word' id='word_1_190' title='bbox 583 4182 786 4267; x_wconf 85' lang='lat' dir='ltr'>sagacitate,</span> <span class='ocrx_word' id='word_1_191' title='bbox 816 4186 856 4245; x_wconf 89' lang='lat' dir='ltr'>ut</span> <span class='ocrx_word' id='word_1_192' title='bbox 881 4180 997 4245; x_wconf 88' lang='lat' dir='ltr'>decem</span> <span class='ocrx_word' id='word_1_193' title='bbox 1020 4181 1077 4245; x_wconf 84' lang='lat' dir='ltr'>vel</span> <span class='ocrx_word' id='word_1_194' title='bbox 1095 4180 1246 4268; x_wconf 89' lang='lat' dir='ltr'>plurium</span> <span class='ocrx_word' id='word_1_195' title='bbox 1267 4180 1401 4246; x_wconf 87' lang='lat' dir='ltr'>conflic-</span> 
     </span>
    </p>
   </div>
   <div class='ocr_carea' id='block_1_8' title="bbox 354 4436 1101 4507">
    <p class='ocr_par' dir='ltr' id='par_1_12' title="bbox 354 4436 1101 4507">
     <span class='ocr_line' id='line_1_29' title="bbox 354 4436 1101 4507; baseline -0.011 -13"><span class='ocrx_word' id='word_1_196' title='bbox 354 4444 367 4494; x_wconf 93' lang='lat' dir='ltr'>l</span> <span class='ocrx_word' id='word_1_197' title='bbox 383 4440 524 4493; x_wconf 78' lang='lat' dir='ltr'>Dedaloaa</span> <span class='ocrx_word' id='word_1_198' title='bbox 589 4441 617 4490; x_wconf 90' lang='lat'>11</span> <span class='ocrx_word' id='word_1_199' title='bbox 635 4436 765 4507; x_wconf 86' lang='lat' dir='ltr'>enciclijs</span> <span class='ocrx_word' id='word_1_200' title='bbox 827 4438 859 4489; x_wconf 77' lang='lat'>‘26</span> <span class='ocrx_word' id='word_1_201' title='bbox 875 4453 911 4488; x_wconf 81' lang='lat' dir='ltr'>un</span> <span class='ocrx_word' id='word_1_202' title='bbox 926 4441 930 4505; x_wconf 89' lang='grc' dir='ltr'>Ι</span> <span class='ocrx_word' id='word_1_203' title='bbox 945 4453 981 4489; x_wconf 86' lang='lat' dir='ltr'>an</span> <span class='ocrx_word' id='word_1_204' title='bbox 996 4436 1101 4489; x_wconf 87' lang='lat' dir='ltr'>minori</span> 
     </span>
    </p>
   </div>
   <div class='ocr_carea' id='block_1_9' title="bbox 0 0 1712 5122">
    <p class='ocr_par' dir='ltr' id='par_1_13' title="bbox 0 0 1712 5122">
     <span class='ocr_line' id='line_1_30' title="bbox 0 0 1712 5122; baseline 0 0"><span class='ocrx_word' id='word_1_205' title='bbox 0 0 1712 5122; x_wconf 95' lang='lat' dir='ltr'> </span> 
     </span>
    </p>
   </div>
  </div>
 </body>
</html>
