3414 5122
645 421 791 467 smrmvs
813 421 1023 466 srernnoavu.
1341 406 1397 467 171

256 599 391 664 quoque
411 577 541 644 lumine
565 578 705 644 orbatus
724 579 896 645 Homerus
925 578 1008 644 adeo
1028 578 1166 644 interno
1184 579 1296 645 valuit
1321 603 1399 645 acu-

255 703 361 795 mine,
387 709 426 768 ut
445 704 481 768 in
505 704 620 790 ipsum
647 711 722 769 tum
752 703 921 770 divinitus
949 710 1024 770 tum
1047 712 1165 791 partas
1195 705 1396 771 humanitus

255 834 346 894 artes
366 852 455 895 unus
475 829 516 895 de
534 829 751 918 principibus
770 830 985 918 philosophis
1004 830 1218 896 concurrisse
1248 854 1399 896 asserue-

256 953 312 1018 rit.
341 955 480 1020 Virtute
504 977 668 1042 corporea
697 955 942 1021 deflorescente
965 955 1073 1021 animi
1103 957 1271 1022 virtutem
1301 955 1399 1022 flore-

211 1080 349 1145 bscere
379 1080 553 1145 intellexit
580 1079 655 1162 ille,
687 1082 747 1167 qui
775 1080 942 1147 virtutem
973 1081 1011 1146 in
1041 1081 1246 1147 infirmitate
1280 1081 1400 1168 perfici

257 1204 464 1272 credendum
482 1205 672 1293 proposuit.

727 1484 815 1532 Quarta
829 1485 927 1524 cautela.
1423 1456 1453 1518 d
1474 1455 1526 1519 ΕΡ

343 1689 395 1752 30.
415 1686 447 1751 A
467 1686 616 1752 Circaeis
638 1685 775 1753 demum
802 1687 911 1754 veluti
939 1687 1072 1774 poculis
1098 1687 1325 1773 abstinentes,
1347 1711 1399 1755 oa-

254 1836 396 1879 veamus
423 1836 466 1878 ne
491 1812 626 1878 animus
657 1836 676 1878 a
707 1812 929 1879 sensibilibus
960 1813 1137 1900 speciebus
1169 1813 1317 1896 illectus,
1347 1801 1399 1880 ita

192 1945 235 2008 10
257 1938 311 2004 sui
330 1939 367 2003 in
386 1939 471 2025 ipsis
490 1938 653 2004 fixionem
672 1938 796 2024 faciat,
816 1947 856 2005 ut
875 1938 1109 2025 intelligibilis
1132 1939 1223 2004 vitae
1242 1940 1399 2026 privetur

254 2063 397 2148 delitiis,
418 2063 568 2149 vinoque
588 2064 775 2130 affectuum
794 2087 1034 2152 corporeorum
1054 2072 1088 2130 et
1104 2065 1257 2152 vulgaris
1277 2064 1397 2131 autho·

254 2191 369 2256 ritatis
389 2195 492 2275 (quae
511 2213 588 2255 cum
607 2191 799 2278 pulsaverit
818 2214 917 2257 aures
936 2192 1010 2257 sine
1033 2191 1152 2258 divino
1171 2193 1226 2257 vel
1245 2191 1392 2257 rationis

253 2316 397 2401 lumine,
418 2339 490 2382 non
512 2316 641 2401 absque
661 2323 820 2383 aeternae
839 2317 932 2383 vitae
951 2317 1150 2383 discrimine
1169 2318 1206 2383 in
1226 2316 1399 2384 nobilissi-

254 2464 347 2508 mum
367 2464 552 2509 consensus
572 2443 683 2508 nostri
702 2442 881 2509 triclinum
900 2443 1145 2527 introducitur)
1170 2443 1298 2528 ebrius,
1317 2467 1408 2531 per--

171 2571 230 2635 lb
254 2575 358 2654 petuo
389 2568 426 2632 in
453 2575 737 2655 praesumptuoso
761 2568 979 2655 ignorantiae
1010 2569 1184 2635 domicilio
1215 2568 1400 2635 titubando

253 2700 446 2778 pernoctet,
465 2692 661 2778 ibidemque
679 2693 839 2763 turbatae
858 2694 1062 2780 phantasiae
1091 2694 1186 2760 velut
1214 2693 1397 2761 insomniis

254 2818 467 2904 exagitatuS,
487 2817 621 2884 amissis
641 2818 799 2884 connatis
818 2818 883 2884 alis
901 2818 1167 2905 intelligentiae,
1188 2826 1344 2906 proruat,
1363 2827 1398 2885 et

253 2943 371 3009 Protei
390 2944 642 3030 contemplatus
655 2944 808 3028 vultum,
821 2967 1001 3031 nunquam
1017 2943 1184 3009 concinne
1200 2944 1396 3030 formatam,

253 3068 290 3133 in
318 3092 386 3155 qua
410 3069 643 3154 conquiescat,
669 3071 818 3157 speciem
841 3070 1007 3137 inveniat.
1037 3070 1247 3136 Desinemus
1273 3070 1397 3156 igitur,

187 3195 231 3258 20
254 3193 451 3261 desinamus
469 3218 541 3277 eea,
564 3218 651 3280 quae
670 3195 780 3262 veluti
798 3218 912 3262 rerum
929 3202 1012 3262 sunt
1028 3196 1184 3280 umbrae,
1203 3219 1222 3261 a
1240 3196 1397 3262 sensibus

255 3320 407 3387 obiectas
426 3321 555 3408 species
576 3321 752 3405 admirari,
774 3330 808 3387 et
826 3322 913 3388 illud
932 3323 969 3386 in
999 3322 1098 3388 nobis
1130 3343 1325 3406 caveamus,
1361 3328 1400 3388 ut

254 3446 296 3510 ad
326 3447 590 3513 auscultandum
621 3447 800 3512 domestici
830 3448 867 3513 in
895 3448 1010 3513 animo
1042 3447 1238 3513 intellectus
1259 3446 1397 3532 agentis

253 3572 397 3638 affatum
418 3573 662 3659 regrediamur.
682 3572 750 3637 Hie
773 3574 865 3638 enim
895 3574 1047 3639 Deorum
1076 3573 1180 3660 dapes
1211 3573 1398 3657 habentur,

255 3698 315 3783 qui
334 3699 404 3764 iam
423 3699 560 3785 iainque
579 3700 757 3787 pulsantes
776 3698 820 3764 ad
844 3699 984 3783 ostium,
1017 3704 1056 3764 ut
1085 3698 1265 3765 nobiscum
1294 3721 1398 3785 pran-

188 3820 231 3884 25
255 3823 376 3908 deant,
406 3847 605 3891 convenere.
635 3825 727 3891 lllud
759 3824 863 3890 etiam
895 3848 1076 3891 caveamus
1106 3825 1144 3889 in
1175 3824 1331 3909 obiectis,
1360 3831 1401 3891 ut

256 3952 539 4041 consideremus
556 3974 744 4038 numquam
762 3953 805 4018 ad
823 3953 987 4018 amussim
1007 3952 1176 4038 imagines
1194 3953 1396 4039 exemplari·
1420 3958 1527 4023 562

253 4079 318 4146 bus
338 4079 557 4167 respondere,
578 4102 685 4165 eaque
716 4079 757 4144 de
786 4101 890 4145 causa
918 4085 957 4144 ut
985 4079 1100 4145 minus
1131 4079 1342 4168 explicatum
1361 4090 1397 4148 et

284 4290 992 4297 .-.-----—-——-—.--.——-—-—-..——-.-.-
1007 4292 1067 4297 —...
1074 4289 1391 4297 ——..-.-.————-

346 4398 508 4448 Sdaemum
527 4398 551 4446 P
614 4399 642 4446 11
660 4395 813 4447 deliciisG
877 4399 916 4447 11.
929 4398 959 4446 12
974 4399 1199 4449 auctoritatisG
1264 4397 1294 4447 13
1317 4414 1395 4448 senza

253 4475 495 4542 ialerpanzioueP
557 4479 587 4528 14
602 4477 801 4529 tricliniumG
866 4479 1232 4545 18Pr0theicn1'rquumP
