3414 5122
529 416 727 461 nxrurcuulo
749 416 906 462 TRIGINTA
928 416 1134 462 SIGILLORVM.
1345 401 1402 461 147

261 550 386 657 riaque⁴
405 571 669 638 considerabilia
692 572 859 657 subiecta,
885 571 1080 660 disltinctis
1103 570 1321 658 propriisque
1344 592 1396 635 ra·
1421 572 1531 636 540

263 697 417 762 tionibus
435 696 651 784 inspicienda
670 720 705 763 se
723 698 892 763 tribuunt.
916 697 1008 763 Hinc
1031 697 1075 762 ab
1095 696 1173 762 aliis
1196 703 1230 761 et
1254 719 1274 761 a
1297 695 1397 760 nobis

262 821 438 907 instituta,
463 822 624 902 invenlta
647 829 751 908 atque
784 822 954 911 completa
982 790 1164 909 multiplex
1198 819 1399 886 inveniendi
1422 822 1452 882 b
1473 821 1526 884 ’ἲν

265 947 354 1014 ratio
373 947 552 1036 dependet.
574 948 688 1035 Sigilli
711 948 811 1014 istius
831 947 1017 1036 applicatio
1037 945 1081 1013 ad
1107 947 1402 1012 reminiscentiam

219 1076 240 1138 b
265 1073 530 1162 comparandam
549 1075 680 1141 nullam
704 1073 859 1140 admittit
882 1072 1120 1161 difficultatem
1149 1095 1211 1160 por
1230 1095 1284 1154 ea,
1315 1093 1403 1157 quae

264 1200 320 1266 hic
339 1201 492 1287 alibique
510 1200 726 1288 frequentius
746 1200 906 1266 diximus.
928 1252 930 1256 ,

529 1506 563 1546 Da
578 1504 705 1556 Empirico,
721 1504 759 1555 qul
773 1505 978 1546 vicesimustortlus
992 1509 1027 1546 eut
1041 1506 1136 1556 sigillus.

357 1734 501 1822 Sigillus
531 1735 597 1801 iste
616 1735 726 1822 magis
755 1741 894 1822 apertus
913 1742 978 1818 est,
1011 1758 1114 1823 quam
1133 1742 1172 1802 ut
1198 1735 1270 1801 ulla
1300 1737 1412 1824 expli·

266 1861 402 1926 catione
421 1859 586 1946 indigeat.
616 1861 732 1926 Facile
761 1860 854 1926 enim
870 1882 1051 1949 possumus
1069 1885 1133 1948 pro
1162 1861 1275 1928 hortis
1307 1863 1410 1949 plura

201 1991 244 2054 10
267 1986 459 2052 instituisse
478 1986 567 2052 atria
586 1987 642 2053 vel
661 1985 804 2070 cubilia,
829 1986 867 2050 in
886 2008 1032 2072 quorum
1056 1986 1219 2052 membris
1237 1994 1407 2075 perpetuo

266 2114 415 2199 figurata
443 2118 621 2196 maneant,
651 2119 685 2177 et
713 2111 823 2177 veluti
853 2112 1023 2178 adiectiva
1051 2112 1125 2179 loca
1144 2112 1337 2179 consistant
1357 2112 1409 2178 di·

265 2262 365 2305 versa
384 2238 592 2326 simplicium
621 2260 758 2325 genera.
778 2239 843 2304 Per
872 2239 933 2304 hos
956 2238 1074 2305 hortos
1106 2238 1263 2325 atriaque
1288 2260 1410 2326 aegro-

266 2371 381 2431 tantes
399 2364 542 2452 plurimi
572 2364 642 2431 suis
673 2362 851 2429 ordinibus
882 2363 1062 2429 succedere
1081 2371 1244 2458 possunt,
1279 2364 1338 2449 qui
1358 2364 1409 2430 di·

266 2491 357 2556 versi
385 2491 536 2557 divorsas
559 2496 724 2577 poterunt
756 2489 995 2556 memorabiles
1019 2488 1168 2555 formare
1196 2489 1409 2555 intentiones

201 2625 243 2688 15
268 2622 302 2682 ct
320 2616 512 2703 perquisita
541 2616 712 2703 complere
741 2614 904 2698 remedia,
924 2614 1007 2680 dum
1026 2614 1094 2702 ipsi
1118 2622 1179 2681 aut
1198 2614 1238 2699 ii,
1264 2615 1324 2701 qui
1346 2637 1409 2703 pro

266 2741 350 2828 ipsis
370 2741 592 2828 designandis
612 2740 856 2824 adsumuntur,
875 2740 931 2806 vel
951 2763 970 2805 a
989 2740 1104 2824 rebus,
1123 2741 1178 2805 vel
1202 2740 1245 2805 ad
1264 2762 1317 2806 res
1341 2741 1409 2807 sibi

266 2867 474 2933 necessarias
493 2874 528 2933 et
551 2866 794 2933 usuvenientes
810 2866 926 2953 aliqua
941 2866 1076 2932 ratione
1092 2871 1173 2932 sunt
1193 2865 1318 2931 affecti.

544 3192 579 3232 Do
595 3191 664 3243 Alco,
680 3201 738 3239 (quae
752 3190 966 3239 decimusquartus
982 3193 1015 3229 cst
1026 3189 1122 3239 sigillus.

353 3430 420 3493 Per
455 3451 573 3496 omnes
610 3453 698 3515 qua-e
732 3412 990 3517 praecesserunt
1024 3452 1179 3516 quaeque
1213 3436 1406 3514 sequentur

198 3561 242 3624 20
264 3554 438 3642 figurandi
456 3555 769 3644 praesentandiquc
781 3558 942 3640 rationes
956 3557 1049 3622 aleae
1068 3555 1266 3639 memoriae,
1287 3554 1409 3621 simili-

266 3702 331 3765 que
343 3681 602 3747 retinendorum
618 3679 746 3766 ordino,
760 3683 902 3748 minimo
912 3694 1093 3769 possumus
1104 3680 1314 3768 providisse3
1333 3702 1407 3745 eam

265 3804 308 3869 ob
340 3828 412 3871 rem
442 3805 546 3872 istam
578 3806 822 3893 particularem
849 3808 1096 3894 propriamque
1131 3805 1406 3891 excogitavimus

265 3931 371 4014 viam,
393 3953 480 4016 quae
510 3931 587 4019 plus
618 3937 670 3997 est
689 3933 874 4019 explicata,
905 3955 1008 4019 quam
1032 3939 1072 3997 ut
1100 3931 1258 4018 pluribus
1290 3930 1404 3996 verbis

265 4054 431 4142 indigeat.

359 4399 561 4450 2tribuantG
623 4399 881 4450 8isteG:estoP
950 4398 1143 4464 llfigurutP
1205 4399 1408 4450 210rdin01’:

267 4478 359 4528 ordini
376 4479 399 4527 (l
461 4481 493 4529 25
509 4496 593 4542 sopra
604 4496 634 4543 p.
648 4481 682 4529 93
694 4496 732 4544 sq.
