3414 5122
390 407 435 452 na
456 407 685 454 conrarnrosa
706 408 959 453 snonrraorvas
982 409 1076 454 saris
1097 408 1215 454 avenn.
1334 395 1373 454 35

239 570 308 645 tur,
328 585 517 648 numquam
541 565 693 630 eiusdem
712 565 771 631 fiet
789 567 964 653 repetitiO,
985 574 1019 631 et
1034 589 1102 633 non
1126 566 1316 633 incidemus
1343 567 1380 630 in

237 687 420 753 necessarii
451 689 681 768 omissionem,
715 690 804 755 siout
827 713 904 756 oum
932 693 1045 778 posito
1072 691 1163 756 BOD
1188 691 1377 756 contemni·

238 821 296 879 tur
313 813 415 878 CBD.

707 1038 819 1079 Numerus
831 1038 913 1088 legum.
1408 1017 1499 1080 22⁹

194 1212 216 1277 5
328 1215 438 1302 Leges
460 1239 557 1300 vero,
583 1217 707 1302 quibus
730 1216 949 1282 uniformiter
972 1216 1177 1283 discurritur
1199 1218 1378 1298 columna,

238 1346 319 1404 sunt
338 1347 428 1424 octe,
449 1364 596 1428 quarum
616 1365 685 1409 una
708 1349 760 1408 est
784 1350 921 1429 sumpto
940 1342 1052 1428 primo
1071 1341 1219 1408 termino
1239 1341 1384 1408 adiecti-

238 1487 292 1549 ve,
320 1466 462 1552 reliquis
486 1467 620 1534 duobus
639 1467 871 1551 substantive,
891 1469 921 1532 2.
938 1467 1007 1533 alia
1037 1475 1089 1532 est
1108 1475 1246 1554 sumpto
1266 1468 1381 1553 primo

238 1591 387 1657 termino
406 1592 637 1676 substantive,
658 1593 792 1658 duobus
807 1592 884 1657 eliis
904 1591 1087 1676 adieetive,
1109 1593 1138 1656 3.
1156 1592 1223 1657 alia
1244 1600 1381 1679 sumpto

239 1716 350 1802 primo
361 1724 395 1782 et
408 1719 556 1805 secundo
569 1717 718 1783 termino
728 1718 906 1801 adiective,
920 1718 1024 1783 tertio
1035 1717 1261 1802 substantive,
1270 1718 1300 1782 4.
1314 1717 1382 1782 alia

174 1846 217 1909 10
239 1851 377 1930 sumpto
393 1843 505 1932 primo
522 1854 557 1911 et
580 1844 729 1910 seeundo
742 1845 890 1909 termino
907 1843 1136 1926 substantive,
1150 1843 1253 1908 tertio
1264 1842 1382 1908 'adiee-

240 1967 324 2052 tive,
338 1969 367 2033 5.
382 1969 449 2034 alia
462 1977 599 2056 sumpto
615 1970 728 2057 primo
747 1978 781 2034 et
802 1976 806 2055 Ι
827 1970 929 2036 tertio
946 1968 1129 2053 adieetive,
1141 1966 1290 2034 seeundo
1306 1967 1383 2033 sub·
1409 1969 1507 2033 261

239 2094 403 2177 stantive,
420 2094 478 2183 (6.)
503 2095 570 2161 alia
596 2105 733 2182 sumpto
752 2095 864 2183 primo
889 2102 922 2160 et
947 2094 1049 2160 tertio
1069 2093 1300 2177 substantive,
1332 2116 1382 2159 se-

239 2219 349 2286 eundo
370 2221 547 2306 adieetive,
568 2223 596 2286 7.
616 2222 683 2287 alia
703 2221 851 2309 sumptis
876 2221 1035 2288 omnibus
1059 2220 1243 2303 adieetive,
1263 2221 1293 2285 8.
1311 2219 1380 2285 alia

238 2346 385 2432 sumptis
404 2347 564 2413 omnibus
584 2346 810 2413 substantive.

174 2576 214 2641 15
679 2589 837 2640 Multipltcatlo
858 2591 941 2639 logum.

326 2765 546 2851 Praepositae
574 2772 651 2830 ooto
674 2766 779 2852 leges,
809 2788 870 2852 per
900 2765 1031 2831 variam
1060 2765 1192 2849 obliqui
1217 2774 1251 2829 et
1275 2764 1378 2847 recti,

238 2889 403 2956 abstracti
431 2892 649 2976 coneretique
679 2890 1199 2973 distributionem,utilissimas
1223 2891 1276 2954 38.
1301 2912 1383 2975 pro·

237 3016 450 3103 positionum
484 3015 789 3099 considerationem
821 3016 945 3101 quibus
975 3014 1168 3082 subiectum
1198 3014 1380 3101 problema

237 3148 352 3229 potest
368 3143 571 3225 examinari,
595 3143 824 3209 constituunt.

170 3408 215 3474 20
327 3401 448 3467 Stante
467 3403 560 3468 enim
578 3402 690 3488 primo
713 3402 861 3467 termino
886 3401 1066 3481 adieetive,
1088 3398 1237 3465 seeundo
1258 3406 1293 3463 et
1312 3407 1378 3463 ter·

236 3528 287 3593 tio
306 3529 536 3610 substantive,
554 3527 695 3594 dieitur:

749 3718 872 3784 BCDT

238 3872 374 3937 Bonum
393 3872 645 3959 magnitudinis
666 3870 867 3937 durationis.

237 3997 328 4062 Boni
347 3994 551 4083 magnitudo
571 3995 772 4062 durationis.

171 4122 214 4187 25
237 4120 328 4187 Boni
348 4121 764 4208 magnitudinisduratio

324 4381 610 4434 20mmissi0nem1'
674 4383 703 4432 12
720 4399 769 4432 om.
785 4382 806 4431 a
820 4398 929 4432 nanuro
948 4383 973 4431 P
1037 4384 1066 4432 17
1085 4382 1265 4433 vtillisaimas
1283 4383 1324 4445 P,·
1342 4401 1378 4434 ae-

236 4480 323 4531 paone
336 4464 380 4515 del
390 4471 458 4515 resto
469 4466 505 4514 39
517 4460 708 4515 combinazioni
719 4461 805 4514 insece
816 4462 845 4512 ‹a'
857 4465 892 4513 38
906 4463 955 4530 (da
968 4463 1116 4514 cancellare
1124 4480 1154 4528 p.
1168 4465 1203 4514 36
1209 4501 1217 4527 ,
1233 4465 1277 4531 62)
