3414 5122
330 406 370 464 42
775 416 915 462 ronnaar
935 417 1037 460 naum

333 575 609 643 eminentissima
633 573 861 655 continentia,
884 573 1031 660 simplex
1054 572 1198 656 bonum,
1219 594 1391 637 summum
1415 573 1477 638 bo-

330 726 427 785 num,
448 724 510 788 per
527 700 710 766 essentiam
729 699 873 779 bonum,
896 720 963 783 quo
988 697 1104 763 omnia
1128 703 1209 763 sunt
1228 697 1334 780 bona,
1352 720 1476 782 unum,

329 827 508 893 infinitum
542 848 603 913 per
640 826 824 891 essentiam
855 832 889 890 et
917 823 1212 909 magnitudinem,
1243 823 1474 908 inmutabile,

329 963 523 1036 aeternum,
544 951 686 1032 veritas,
707 951 791 1016 vita.
808 950 908 1027 Quod
927 949 970 1015 ad
986 949 1169 1015 relationes
1189 949 1317 1016 attinet
1333 949 1389 1032 (iis
1409 972 1477 1015 om-

284 1090 305 1152 b
331 1078 449 1159 nibuS,
474 1100 561 1164 quae
581 1084 701 1142 contra
721 1099 820 1142 omne
839 1075 1073 1159 ratiocinium,
1085 1073 1351 1163 philosophiam,
1372 1075 1477 1142 aliam

330 1204 433 1269 fidem
460 1211 495 1268 et
523 1202 762 1269 credulitatem
794 1203 876 1268 solis
903 1201 1118 1267 Christicolis
1146 1208 1228 1266 sunt
1252 1202 1416 1285 revelata,
1443 1208 1477 1266 et

332 1329 662 1395 demonstrationem
673 1329 805 1393 nullam
819 1328 983 1393 habentia
1000 1327 1102 1392 fidem
1115 1335 1253 1392 tantum
1270 1326 1475 1410 admittunt,

330 1454 501 1541 quidquid
520 1454 656 1519 Lullius
681 1454 858 1519 delirando
883 1454 987 1519 etiam
1012 1461 1132 1519 contra
1155 1476 1363 1539 magnorum
1382 1453 1477 1519 theo·

327 1580 486 1667 logorum
502 1579 712 1645 sententiam
744 1580 916 1664 tentarit),
946 1580 1144 1664 veritatem,
1165 1581 1289 1662 vitam,
1311 1602 1475 1665 amorem,

265 1712 307 1776 10
330 1706 454 1789 ideam,
470 1706 715 1793 cognitionem,
733 1706 935 1792 potentiam,
949 1704 1168 1787 creationem,
1188 1728 1250 1792 pro
1262 1705 1475 1791 lvidentiam,
1503 1710 1613 1774 266

330 1832 640 1914 conservationem,
663 1835 848 1918 [amorem]
868 1832 1053 1915 iustitiam,
1075 1830 1379 1915 milsericordiam,
1398 1832 1476 1897 bea·
1501 1836 1587 1900 ΒΤ

329 1956 555 2022 tificationem
567 1966 602 2022 et
615 1965 761 2039 caetera,
784 1957 909 2041 quibus
929 1979 982 2039 ea,
1000 1979 1087 2041 quae
1107 1965 1188 2021 sunt
1207 1963 1306 2022 extra
1322 1956 1478 2023 divinam

331 2082 572 2165 substantiam,
602 2081 842 2168 respiciuntur.
868 2081 962 2159 Quae
992 2084 1107 2147 omnia
1135 2081 1254 2147 Iudaei
1282 2080 1478 2149 Cabalistae

332 2206 511 2272 addacem
535 2206 734 2293 Sephiro'th,
755 2215 790 2271 et
813 2230 875 2271 nos
900 2208 944 2271 ad
962 2208 1121 2293 triginta,
1141 2206 1234 2273 haud
1254 2207 1393 2292 quidam
1409 2208 1479 2272 illis

266 2337 308 2402 lb
333 2333 498 2398 addentes
528 2333 587 2399 sed
616 2333 750 2398 easdem
784 2333 1011 2420 explicantes,
1040 2333 1235 2419 redegimus
1266 2333 1478 2399 indumenta.

332 2458 431 2535 Quod
451 2457 495 2523 ad
512 2457 702 2544 dignitates
719 2467 753 2523 et
769 2459 998 2545 proprietates
1022 2466 1170 2546 spectat,
1192 2459 1310 2524 colunt
1328 2458 1479 2524 Hebraei

331 2605 470 2668 nomen,
491 2584 583 2669 quod
607 2584 746 2649 dii-inae
770 2585 984 2649 substantiae
1003 2585 1163 2672 proprius
1183 2584 1369 2671 appellant,
1387 2583 1480 2669 quod

331 2715 383 2774 ast
413 2716 613 2795 tetragram.
649 2709 814 2776 'lehova'
842 2710 976 2774 Deinde
1008 2710 1218 2797 explicatum
1248 2710 1286 2775 in
1314 2716 1479 2796 quattuor

331 2834 473 2899 nomina
501 2834 544 2899 ad
572 2834 644 2900 eius
668 2834 809 2901 effectus
839 2842 872 2900 at
902 2835 1131 2922 proprietates
1161 2834 1198 2899 in
1229 2842 1393 2920 quattuor
1418 2836 1478 2901 tri-

267 2970 311 3034 20
333 2958 433 3045 phcis
458 2959 579 3024 mnndi
607 2960 822 3042 cardinibus,
846 2960 991 3026 subinde
1021 2960 1058 3025 in
1086 2959 1266 3025 duodecim
1285 2982 1347 3046 pro
1366 2968 1477 3026 terna

333 3084 384 3148 rio
415 3085 452 3148 in
480 3085 658 3150 cardinum
688 3086 834 3172 singulis
865 3084 1059 3171 significato
1094 3085 1131 3149 in
1159 3084 1338 3150 duodecim
1368 3085 1478 3172 portis

334 3209 500 3292 civitatis,
529 3209 573 3274 ad
599 3211 766 3275 orientem
797 3211 922 3295 tribus,
948 3210 990 3275 ad
1010 3209 1189 3275 meridiem
1214 3210 1341 3294 tribus,
1362 3210 1406 3276 ad
1425 3232 1479 3276 oo-

335 3333 506 3399 cidentam
537 3335 661 3415 tribus,
693 3335 737 3400 ad
772 3336 968 3421 aquilonem
1000 3336 1129 3416 tribus;
1160 3333 1306 3420 proinde
1336 3335 1374 3400 in
1402 3335 1480 3400 aliis

335 3460 489 3525 numeris
518 3461 707 3526 successive
732 3461 769 3526 in
801 3461 993 3543 infinitum,
1015 3459 1273 3526 subordinando
1291 3483 1384 3527 nunc
1404 3460 1479 3546 qui-

268 3593 312 3657 25
336 3585 414 3651 dem
450 3587 681 3671 qrraternariis
718 3587 882 3669 ternaria,
912 3608 1005 3651 nunc
1039 3610 1119 3652 vero
1160 3586 1322 3652 ternariis
1356 3587 1481 3653 duode-

336 3711 444 3777 naria.
465 3711 531 3776 Sed
543 3712 607 3776 hoc
627 3711 707 3797 ipsi,
728 3712 787 3796 qui
803 3712 918 3776 videre
936 3712 1070 3795 volunt,
1090 3712 1263 3795 viderint3
1281 3713 1381 3778 nobis
1396 3712 1480 3781 haec

335 3836 501 3901 hactenus
525 3835 693 3900 indicasse
718 3836 853 3901 suffieit.

344 3985 788 3993 .---------.---...---.
798 3989 837 3994 ..-.
848 3989 867 3994 ...
887 3988 946 3994 ...-
982 3989 1023 3994 .—

429 4050 491 4101 ssin
513 4050 652 4100 mutabile
675 4051 714 4101 P:
737 4052 917 4103 immutabile
938 4052 962 4102 G
1026 4055 1075 4104 d.5
1092 4054 1226 4104 omnibus
1244 4054 1309 4106 Pa:
1329 4056 1480 4109 demissis

337 4132 551 4182 sschristolisP
599 4133 710 4183 lnulls
725 4133 750 4181 P
796 4135 1325 4199 9(contemplarilicet)veritatemG
1389 4139 1418 4187 ll
1436 4139 1481 4188 ab·

338 4213 423 4263 tt'amo
435 4213 579 4263 cancellato
591 4229 715 4264 amoram
764 4213 885 4263 Iustiam
904 4215 931 4263 P
979 4215 1008 4264 17
1025 4215 1216 4280 propriumG
1265 4217 1296 4266 18
1313 4222 1481 4282 tetragram-

337 4295 487 4345 matumG
553 4295 697 4359 explicatu
716 4296 752 4344 P:
773 4295 962 4359 explicantG
1026 4296 1313 4364 lsscldquatuord
1378 4299 1478 4364 aosqq.

338 4376 465 4426 Subinde
488 4378 517 4425 in
545 4377 575 4423 12
595 4376 828 4440 pro-singulis.
852 4377 1104 4438 significato-in
1127 4380 1156 4427 12
1177 4379 1269 4444 portis
1292 4379 1420 4432 civitatis
1446 4381 1481 4431 ad

339 4457 438 4508 Oricia
452 4457 475 4506 3.
495 4456 530 4507 ad
547 4455 667 4506 Meridie
680 4455 702 4505 3.
718 4456 753 4505 ad
768 4457 863 4508 Occid.
879 4458 951 4507 tcto.
966 4457 989 4505 I'
