3414 5122
336 390 376 448 34
779 405 917 448 rounam
938 404 1039 449 nnvur

335 562 474 649 signum
502 562 700 647 geminatur
724 561 761 625 in
790 562 887 648 ipsis
918 585 1005 648 quae
1033 585 1093 649 per
1118 563 1296 627 steliarum
1320 561 1481 627 adiectio-

335 710 413 752 nem
438 698 517 752 sunt
542 687 579 751 in
603 687 763 751 columna
784 687 957 752 denotata.
979 687 1239 753 Duodenarium
1263 688 1414 774 primum
1438 685 1480 751 de

335 813 446 878 tribus
461 813 583 899 primis
599 811 767 897 cylindris
782 812 988 896 extrahitur,
1006 813 1193 878 secundum
1207 813 1248 879 de
1265 836 1325 877 sex
1341 834 1482 898 sequeu-

336 938 430 1003 tibus
450 936 621 1021 secundis,
641 937 786 1002 tertium
806 937 847 1001 de
868 937 1048 1003 duodecim
1068 939 1181 1004 tertiis
1198 948 1231 1004 et
1249 938 1392 1003 ultimis.

291 1067 313 1131 5
425 1064 518 1129 Haec
540 1064 697 1129 columna
716 1064 1031 1145 armentrorum,
1052 1066 1149 1130 cuius
1168 1066 1220 1129 36.
1241 1064 1392 1130 diximus
1410 1087 1482 1130 esse

336 1190 450 1273 utilia,
478 1189 678 1256 foecundior
702 1200 752 1254 θεῖ
779 1212 881 1275 quam
907 1193 1064 1257 columna
1086 1240 1090 1277 ,
1111 1191 1288 1275 Lulliaua,
1318 1214 1404 1278 quae
1428 1193 1480 1257 20.
1506 1186 1618 1254 260

336 1324 473 1381 tantum
498 1322 633 1380 constat
653 1316 816 1380 membris
840 1317 875 1380 in
902 1317 1003 1381 unico
1020 1316 1187 1403 cylindro.
1208 1316 1347 1382 Accidit
1366 1328 1481 1383 autern

336 1441 436 1508 nobis
460 1464 537 1509 eam
554 1441 681 1506 ditasse
704 1463 767 1527 per
790 1464 865 1506 eam
888 1442 1072 1523 rationem,
1092 1464 1158 1527 qua
1178 1442 1410 1529 Raymundus
1426 1466 1484 1530 po-

335 1568 405 1634 tuit
429 1566 583 1632 omisisse
603 1576 735 1631 caetera
756 1567 922 1633 membra.
944 1568 1023 1652 quia
1042 1567 1203 1633 inutilem
1229 1568 1382 1634 eiusdem
1407 1569 1482 1634 fieri

272 1700 315 1763 10
339 1693 477 1757 videbat
499 1692 754 1778 repetitionem,
789 1691 1067 1777 quandoquidem
1096 1692 1208 1758 dicere
1239 1693 1344 1777 BCD,
1364 1693 1400 1759 id
1431 1700 1483 1760 est

338 1819 474 1884 bonitas
498 1839 623 1904 magna
649 1815 789 1898 drnans,
814 1826 847 1881 et
872 1817 984 1883 dicere
1008 1819 1114 1902 CBD,
1138 1819 1174 1884 id
1197 1830 1247 1884 θεῖ
1273 1842 1400 1906 magna
1425 1821 1484 1885 bo-

338 1944 429 2009 nitas
458 1943 598 2023 durana,
630 1940 721 2006 idem
748 1954 809 2008 est.
835 1942 904 2007 Nos
927 1965 1009 2008 rero
1033 1944 1235 2030 Raymundi
1262 1943 1417 2010 ordinem
1447 1952 1483 2010 et

339 2069 579 2134 sufficientiam
608 2090 678 2133 uou
698 2069 945 2155 improbamus,
966 2078 999 2134 et
1024 2070 1174 2136 fatemur
1193 2071 1230 2135 in
1258 2093 1319 2136 suo
1340 2071 1481 2157 vigena-

339 2193 390 2258 rio
422 2197 426 2277 Ι
456 2194 570 2259 omnia
595 2191 735 2258 tandem
766 2195 936 2259 contineri
960 2195 1111 2281 quidem,
1137 2195 1196 2261 sed
1220 2219 1320 2262 caeca
1351 2204 1383 2261 et
1414 2195 1481 2283 ipsi
1506 2195 1596 2261 22⁸

274 2324 316 2388 15
339 2318 454 2385 Lullio
478 2318 622 2384 fortasse
649 2319 753 2384 etiam
774 2320 906 2385 occulta
926 2321 981 2385 rel
1000 2321 1114 2386 minus
1134 2321 1359 2387 considerata.
1386 2322 1482 2387 Post·

341 2471 444 2535 quam
468 2449 578 2535 igitur
603 2449 886 2514 combinationes.
909 2472 994 2534 quae
1015 2472 1056 2514 ex
1076 2460 1224 2535 quatuor
1243 2449 1319 2516 istis
1339 2451 1484 2516 clemon-

343 2575 388 2640 tis
419 2583 451 2638 et
488 2573 656 2639 ordinatis
692 2575 765 2639 fieri
800 2584 957 2661 possunt,
987 2575 1220 2656 extendimus,
1253 2598 1408 2661 quaeque
1440 2598 1483 2642 ex

340 2701 383 2766 iis
413 2700 572 2765 omnibus
600 2698 751 2786 frugales
781 2709 897 2765 extent
928 2701 1140 2787 patefactum
1173 2710 1244 2785 est,
1269 2702 1484 2768 discurratur

341 2830 499 2893 columna
537 2826 703 2893 sumendo
739 2827 890 2913 primum
918 2828 1127 2893 elementum
1155 2829 1386 2911 substantive,
1417 2829 1484 2896 duo

274 2966 319 3030 20
340 2954 474 3039 reliqua
503 2952 685 3034 adiectisc,
721 2952 879 3017 dicendo:
909 2952 1046 3019 bonitas
1072 2977 1199 3040 magna·
1228 2955 1369 3039 durans,
1398 2979 1484 3042 quae

341 3079 558 3165 significatur
581 3078 617 3142 in
642 3077 742 3141 BCD.
768 3077 890 3141 Nonne
910 3077 1059 3143 utillima
1084 3090 1118 3143 et
1142 3080 1248 3145 etiam
1267 3104 1330 3168 pro
1350 3083 1485 3148 ratione

342 3203 583 3291 complementi
610 3202 783 3268 discursus
803 3204 993 3269 necessaria
1014 3205 1211 3270 eorumdem
1235 3206 1484 3273 elementorum

342 3329 410 3393 alia
430 3328 601 3393 ordinatio
620 3329 692 3411 fiet,
713 3328 874 3393 dicendo:
890 3330 1093 3414 magnitudo
1115 3332 1204 3395 bona
1224 3331 1364 3417 durana,
1386 3333 1484 3400 ouius

343 3455 480 3540 signum
501 3464 551 3519 est
572 3454 686 3518 CBD?
704 3455 781 3519 Non
802 3462 854 3518 cst
881 3477 961 3519 saue
991 3456 1143 3521 ciusdem
1163 3456 1334 3543 repetitio
1356 3456 1484 3523 Simili-

277 3587 320 3650 25
343 3586 396 3645 ter
414 3602 567 3664 unquam
591 3601 658 3644 nou
690 3579 756 3643 erit
787 3579 939 3644 eiusdem
964 3581 1139 3666 repetiti0,
1166 3582 1195 3646 si
1215 3593 1308 3647 certa
1337 3583 1485 3669 quadam

344 3705 420 3792 lege
436 3705 664 3793 disponantur
681 3707 822 3771 termini
845 3714 915 3772 tres
934 3730 995 3794 pcr
1015 3707 1225 3773 adiectixum
1244 3716 1278 3774 et
1297 3710 1486 3776 substanti-

345 3855 440 3914 vum,
460 3838 593 3895 rectum
609 3838 641 3895 et
659 3831 853 3916 obliquum,
871 3841 909 3897 ut
928 3856 967 3897 ea
981 3833 1055 3919 loge
1072 3856 1106 3898 εθ
1120 3833 1246 3899 habeat
1259 3858 1367 3901 unum
1384 3859 1487 3902 mem·

346 3959 459 4039 brum,
478 3978 547 4041 qua
566 3956 673 4039 aliud,
690 3957 745 4021 vel
757 3957 786 4021 si
799 3957 913 4022 onmia
934 3958 1085 4023 membra
1100 3958 1335 4045 pariformitor
1352 3962 1488 4048 capian-

438 4223 454 4271 5
470 4219 613 4272 scriviamo
626 4222 658 4272 84
667 4239 721 4287 per
733 4223 776 4287 885
790 4223 842 4287 cfr.
852 4239 882 4287 p.
890 4224 935 4284 39,
943 4224 979 4272 22
1040 4226 1056 4274 6
1071 4224 1231 4275 faecundior
1245 4225 1270 4275 P
1332 4228 1349 4276 8
1366 4240 1431 4278 aum
1445 4228 1487 4277 di·

346 4309 424 4353 tasse
442 4302 467 4354 G
531 4302 570 4354 13.
585 4304 614 4352 14
630 4303 660 4353 iu
678 4303 769 4369 ipsius
786 4303 974 4354 vicenarioG
1040 4306 1070 4354 17
1088 4311 1116 4355 et
1138 4306 1236 4357 συιδ
1301 4314 1439 4374 quaeque]
1459 4315 1489 4360 at

347 4399 419 4449 quac
438 4384 462 4433 G
527 4386 557 4435 18
579 4384 692 4434 omibus
714 4385 740 4433 P
800 4386 831 4434 21
849 4385 1031 4450 significatur
1051 4387 1093 4436 De
1113 4403 1182 4452 spec.
1203 4394 1300 4439 scrut:
1323 4388 1488 4454 significau-

347 4471 396 4514 tur
412 4464 465 4516 PG
528 4465 652 4516 utillima
663 4466 702 4517 P:
717 4466 872 4516 utilissima
888 4468 912 4519 G
975 4468 1006 4517 23
1022 4467 1150 4518 durans?
1163 4469 1246 4520 cuins
1258 4468 1284 4518 P
