3414 5122
595 692 1041 777 attitulrvttslurts

429 936 572 1002 CIRCA
611 936 876 1027 LAMPADEM
916 935 1206 1002 LVLLIANAM.

1150 1857 1173 1895 1³
1189 1856 1312 1898 1111111187.

339 2032 431 2098 Illud
450 2033 487 2097 in
506 2032 678 2119 principio
708 2033 811 2098 huius
831 2031 1079 2119 speculationis
1108 2045 1160 2096 est
1179 2030 1395 2097 animadver-

207 2170 227 2232 ῖ)
252 2155 409 2240 tendum,
428 2158 519 2242 quod
538 2157 806 2223 fundamentum
825 2157 928 2222 huius
948 2157 1034 2223 artis
1058 2165 1092 2222 et
1110 2157 1260 2222 maxima
1285 2156 1394 2221 effica-

252 2282 324 2347 ciae
340 2306 421 2370 pars
435 2283 471 2347 in
492 2283 610 2348 ordine
624 2291 658 2347 st
675 2282 775 2348 modo
790 2283 997 2368 procedendi
1015 2283 1190 2348 consistat.
1209 2281 1294 2345 Cum
1312 2303 1393 2366 ergo

252 2410 439 2476 inultorum
464 2410 535 2475 sint
558 2408 797 2475 methodorum
817 2409 960 2496 speeies,
982 2410 1084 2476 unica
1103 2432 1191 2495 quae
1210 2410 1289 2474 huie
1313 2431 1394 2474 oon-

250 2536 346 2621 gruit
374 2536 513 2622 negotio
544 2546 583 2602 ut
611 2537 654 2601 ab
680 2537 758 2602 aliis
783 2536 1031 2622 distinguatur,
1052 2535 1138 2603 illud
1164 2544 1216 2601 est
1240 2536 1393 2601 animad-

253 2665 471 2745 vertendum,
492 2664 583 2750 quod
607 2664 846 2730 methodorum
877 2665 1043 2750 quaedam
1064 2674 1145 2730 sunt
1175 2664 1392 2747 divisivae,

187 2799 228 2863 10
253 2793 420 2877 quaedam
445 2792 755 2878 compositivae³
782 2791 948 2876 quaedam
973 2791 1262 2877 inquisitivuo‚
1295 2814 1395 2877 quae·

253 2916 332 2983 dam
345 2919 572 3002 institutum,
588 2917 753 3003 quaedam
767 2917 1031 3000 construetione,
1046 2917 1213 3002 quaedam
1234 2917 1393 2982 mixtae.

338 3043 528 3111 Divisiva
558 3044 697 3130 quidem
727 3042 908 3109 methodus
936 3051 988 3107 est
1018 3051 1056 3108 ut
1086 3041 1326 3126 definitiva,
1357 3043 1394 3107 in

252 3190 319 3254 qua
335 3168 447 3255 posito
464 3169 579 3254 aliquo
599 3169 753 3234 subiecto
770 3191 829 3234 seu
846 3167 1016 3233 definibili
1034 3167 1264 3253 procedimus
1280 3168 1393 3254 primo

252 3293 500 3360 considerando
530 3294 603 3359 eius
631 3316 753 3380 genus,
774 3302 895 3380 utpote
925 3294 1133 3379 inquorum
1167 3292 1395 3358 universitate

186 3422 228 3486 15
254 3419 434 3502 consistat,
451 3418 574 3484 deinde
590 3419 719 3505 primas
735 3418 1120 3500 differentiae,tande1n
1135 3418 1275 3483 ultimas
1291 3425 1395 3502 atque

252 3544 428 3631 proximas
459 3544 745 3629 immediatasque
773 3565 881 3628 usque
914 3544 977 3609 ad·
985 3543 1260 3629 propriissimum
1280 3565 1394 3608 iuram.

252 3672 298 3734 Et
317 3670 374 3734 hio
391 3669 512 3735 modus
532 3668 750 3735 adsimilatur
769 3668 976 3755 cognitioni,
1002 3691 1089 3753 quae
1108 3668 1262 3754 procedit
1282 3691 1301 3732 a
1321 3675 1395 3733 toto

180 3786 183 3791 ’
254 3795 458 3862 indistincto
489 3803 594 3881 atque
614 3794 755 3860 confuso
787 3796 830 3860 ed
858 3800 1085 3881 pa1·tes‚uta
1113 3815 1214 3858 sensu
1246 3792 1395 3858 hominis

255 3920 384 4007 integri
398 3921 442 3987 ad
452 3922 695 3987 resolutionem
709 3922 746 3986 in
762 3929 892 4009 partes,
906 3928 945 3985 ut
959 3927 1040 3985 sunt
1054 3927 1169 4005 eaput,
1187 3942 1309 3985 manus
1323 3928 1396 4003 eto,

187 4050 232 4115 20
257 4052 292 4112 et
310 4045 391 4112 inde
410 4046 454 4112 ad
476 4069 628 4128 earnem,
650 4069 726 4112 ossa
745 4058 818 4130 eto,
839 4054 873 4112 et
892 4046 971 4111 iude
991 4045 1034 4109 ad
1059 4054 1207 4130 ‹pratuor
1226 4044 1395 4128 humores,

255 4194 297 4238 ex
315 4172 369 4237 his
398 4171 441 4237 ad
462 4179 609 4258 quatuor
628 4172 809 4255 elementa,
831 4171 954 4236 ultimo
974 4171 1017 4236 ad
1041 4170 1222 4235 materiam
1239 4194 1326 4255 quae
1346 4180 1397 4237 est

348 4479 466 4549 311111,Ι
484 4479 507 4526 A
573 4479 588 4528 7
605 4478 732 4527 multoru
749 4474 798 4542 (sic
805 4514 811 4540 ,
829 4492 883 4526 uon
900 4475 1038 4540 multarfl)
1055 4475 1090 4524 A:
1112 4474 1130 4525 l.
1149 4474 1257 4525 multae
