3414 5122
311 346 350 404 54
751 359 890 404 roanaur
911 359 1013 404 aavur

311 525 386 584 tute
406 518 552 603 quadam
573 519 609 583 in
632 517 781 584 infinitis
800 523 851 600 (ut
875 519 912 583 in
935 517 1101 599 numeris)
1121 517 1259 582 infinita
1283 516 1451 582 infinities

312 642 496 729 implicari,
526 644 683 731 quamvis
718 643 808 709 idern
841 643 1046 729 quandoque
1075 641 1207 707 factum
1239 641 1283 706 iri
1318 641 1453 707 credere

312 768 457 834 stultum
478 768 532 834 sit.

445 995 479 1034 Do
493 993 677 1045 amplificatione,
693 992 883 1043 multiplicatione
897 995 920 1030 et
935 992 1015 1031 ordlue
1029 993 1196 1040 quaestionum.
1212 989 1267 1041 Cap.
1283 991 1322 1031 Vl.
1480 976 1571 1039 35ν

269 1134 290 1197 5
401 1144 507 1208 Ratio
526 1141 781 1208 dilatandamm
802 1141 1040 1226 quaestionum
1058 1147 1110 1206 est
1129 1162 1199 1206 non
1220 1139 1453 1206 contrahendo

314 1271 405 1357 ipsas
425 1268 469 1335 ad
488 1275 618 1335 eertum
637 1268 814 1334 facultatis
838 1269 991 1351 modum,
1013 1267 1072 1333 sed
1091 1273 1182 1350 (oum
1202 1266 1297 1354 ipsae
1320 1264 1364 1331 ad
1383 1286 1456 1330 om-

313 1398 372 1464 nia
389 1397 557 1484 respicere
578 1395 679 1462 modo
709 1418 770 1461 suo
790 1395 951 1479 debeant)
979 1395 1077 1461 iuxta
1102 1395 1186 1461 adeo
1206 1394 1455 1481 amplissimam

314 1523 550 1610 acceptionem
569 1543 626 1587 eas
644 1520 888 1608 intelligendu,
907 1528 946 1587 ut
966 1520 1010 1587 ad
1039 1520 1156 1587 omnia
1175 1527 1210 1586 et
1234 1519 1373 1606 singula
1391 1542 1455 1607 pro

315 1649 368 1716 sui
387 1647 562 1735 exigentia
581 1648 721 1713 valeant
741 1647 911 1713 inclinari.
932 1646 1026 1713 Hine

251 1847 294 1912 10
487 1874 512 1912 B.
529 1874 563 1912 De
577 1873 718 1923 quaestionis
734 1872 844 1914 ‘Utrum’
860 1872 1037 1923 amplificatione
1052 1876 1076 1912 et
1089 1872 1287 1922 mnltlplloatlono.

405 2022 568 2100 Quaestio
586 2020 752 2090 ‘Utrum’
772 2020 939 2087 dilatatur
956 2029 990 2086 et
1009 2021 1264 2108 multiplicatur
1280 2043 1341 2108 per
1354 2043 1460 2087 asser-

318 2147 444 2232 tivum,
459 2145 717 2231 affirmativum,
735 2146 972 2212 dubitativum
989 2155 1023 2212 et
1037 2147 1254 2234 negativum
1266 2145 1457 2234 probabile,

318 2295 500 2361 apparens,
521 2271 844 2368 demonstrativum;
864 2271 1046 2356 creditum,
1072 2272 1332 2355 ratiocinatum,
1357 2271 1457 2337 intel-

316 2399 453 2465 lectum.
473 2399 562 2464 Item
581 2398 729 2464 refertur
747 2398 791 2464 ad
815 2420 933 2463 omnes
956 2397 1174 2485 quaestiones
1193 2398 1235 2464 de
1258 2420 1332 2465 esse
1351 2405 1386 2464 et
1406 2422 1455 2464 es-

252 2523 294 2588 15
318 2526 443 2608 sentia,
463 2524 559 2591 etad
579 2546 635 2590 eas
654 2523 869 2590 reducibiles.

406 2650 584 2716 Dilatatur
599 2649 757 2719 'Utrum'
770 2649 860 2716 siout
872 2656 907 2716 et
923 2650 1011 2715 aliae
1026 2650 1245 2735 quaestiones
1258 2650 1458 2716 dilatandae

317 2784 574 2863 proponuntur,
592 2774 757 2841 sumendo
782 2775 896 2862 ipsum
919 2774 1068 2862 amplius
1093 2796 1197 2860 quam
1219 2775 1313 2862 apud
1331 2776 1459 2842 theolo-

319 2927 381 2990 gos
400 2903 490 2969 sumi
509 2903 695 2969 consuevit.
718 2902 861 2981 Quaerit
879 2902 972 2968 enim
990 2902 1216 2991 philosophus
1237 2926 1281 2968 an
1300 2904 1395 2970 Deus
1414 2904 1460 2970 sit

319 3039 353 3094 et
372 3028 513 3112 similia,
533 3027 716 3115 dequibus
745 3027 885 3114 quidem
907 3028 958 3093 nil
979 3027 1144 3116 {prorsus
1172 3028 1274 3094 debet
1299 3029 1460 3095 dubitare
1486 3032 1594 3097 276

252 3149 297 3213 ‘20
320 3153 533 3240 theololguS,
549 3160 589 3219 111
608 3159 707 3220 notat
730 3153 959 3239 Raymundus
978 3153 1016 3218 in
1035 3177 1096 3219 sua
1115 3153 1346 3220 Rhetorica.
1365 3155 1461 3221 Haeo
1487 3159 1576 3221 36Γ

320 3279 412 3344 enim
446 3280 601 3366 quaestio
625 3280 794 3347 ‘Utrum‘
828 3279 896 3346 fuit
934 3280 971 3345 in
1008 3302 1127 3363 causa,
1162 3285 1202 3345 ut
1235 3280 1347 3345 Moses
1386 3303 1457 3346 non

320 3404 467 3470 intraret
487 3410 614 3471 terram
632 3406 882 3493 promissionis3
903 3406 1043 3493 punivit
1062 3405 1155 3471 enim
1174 3406 1267 3472 Deus
1295 3405 1395 3472 illum
1415 3407 1458 3474 ob

320 3552 395 3596 eam
414 3553 566 3615 causam,
587 3531 668 3617 quia
695 3537 830 3618 petram
856 3532 1080 3619 percutiendo
1104 3531 1210 3598 dixit:
1230 3530 1347 3598 ‘estne
1367 3532 1461 3599 Deus

320 3679 365 3722 an
383 3655 496 3721 non?'

571 3872 595 3913 C.
612 3874 646 3913 De
661 3873 837 3924 ampllfloatlone
852 3879 875 3916 ct
889 3876 953 3916 mult.
968 3877 1109 3926 quaestionls
1125 3876 1199 3924 ·Quln
1209 3879 1223 3918 ⁸.

412 4022 576 4100 Quaestio
600 4023 728 4102 ‘Quid‘
754 4024 932 4112 dilatatur,
957 4034 997 4093 ut
1028 4027 1073 4092 sit
1103 4028 1294 4094 communis
1326 4028 1465 4095 demon-

323 4147 468 4215 strativo
488 4156 522 4214 et
544 4149 754 4237 persuasiva
779 4149 858 4216 Non
882 4152 992 4219 solum
1010 4176 1072 4240 per
1096 4153 1236 4241 propria
1255 4153 1305 4219 rei
1328 4177 1467 4242 respon·

416 4417 681 4486 dipseeG:ipsem
693 4418 719 4468 P
765 4419 886 4470 aenou.
900 4419 951 4483 (ed.
966 4422 1044 4486 1598)
1056 4439 1084 4487 p.
1095 4421 1148 4470 203
1195 4420 1270 4484 2tlos.
1282 4419 1361 4470 Nom.
1375 4421 1467 4481 20,12
