<?xml version="1.0" encoding="UTF-8"?>
<!DOCTYPE html PUBLIC "-//W3C//DTD XHTML 1.0 Transitional//EN"
    "http://www.w3.org/TR/xhtml1/DTD/xhtml1-transitional.dtd">
<html xmlns="http://www.w3.org/1999/xhtml" xml:lang="en" lang="en">
 <head>
  <title>
</title>
<meta http-equiv="Content-Type" content="text/html;charset=utf-8" />
  <meta name='ocr-system' content='tesseract 3.04.00' />
  <meta name='ocr-capabilities' content='ocr_page ocr_carea ocr_par ocr_line ocrx_word'/>
</head>
<body>
  <div class='ocr_page' id='page_1' title='image "./jordanibruninol03brungoog_0171.png"; bbox 0 0 3414 5122; ppageno 0'>
   <div class='ocr_carea' id='block_1_1' title="bbox 318 401 1250 458">
    <p class='ocr_par' dir='ltr' id='par_1_1' title="bbox 318 401 1250 458">
     <span class='ocr_line' id='line_1_1' title="bbox 318 401 1250 458; baseline -0.005 -2"><span class='ocrx_word' id='word_1_1' title='bbox 318 401 376 458; x_wconf 72' lang='lat' dir='ltr'>lb&#39;O</span> <span class='ocrx_word' id='word_1_2' title='bbox 519 414 659 457; x_wconf 71' lang='lat' dir='ltr'>lonensi</span> <span class='ocrx_word' id='word_1_3' title='bbox 683 412 785 456; x_wconf 78' lang='lat' dir='ltr'>BRVM</span> <span class='ocrx_word' id='word_1_4' title='bbox 804 410 1002 456; x_wconf 79' lang='lat' dir='ltr'><strong>EXPLICATIO</strong></span> <span class='ocrx_word' id='word_1_5' title='bbox 1023 410 1112 454; x_wconf 64' lang='lat' dir='ltr'>&#39;nula</span> <span class='ocrx_word' id='word_1_6' title='bbox 1136 409 1250 453; x_wconf 70' lang='lat' dir='ltr'>Sisini.</span> 
     </span>
    </p>
   </div>
   <div class='ocr_carea' id='block_1_2' title="bbox 269 565 1594 1407">
    <p class='ocr_par' dir='ltr' id='par_1_2' title="bbox 269 565 1594 1407">
     <span class='ocr_line' id='line_1_2' title="bbox 404 565 1581 656; baseline -0.003 -23"><span class='ocrx_word' id='word_1_7' title='bbox 404 570 471 633; x_wconf 84' lang='lat' dir='ltr'>Hic</span> <span class='ocrx_word' id='word_1_8' title='bbox 491 576 572 634; x_wconf 87' lang='lat' dir='ltr'>suut</span> <span class='ocrx_word' id='word_1_9' title='bbox 587 592 648 655; x_wconf 86' lang='lat' dir='ltr'>per</span> <span class='ocrx_word' id='word_1_10' title='bbox 665 568 806 633; x_wconf 88' lang='lat' dir='ltr'>nomina</span> <span class='ocrx_word' id='word_1_11' title='bbox 826 567 1065 632; x_wconf 88' lang='lat' dir='ltr'>hebraicorum</span> <span class='ocrx_word' id='word_1_12' title='bbox 1085 565 1351 656; x_wconf 66' lang='lat' dir='ltr'>elerneutoirum</span> <span class='ocrx_word' id='word_1_13' title='bbox 1371 566 1458 631; x_wconf 85' lang='lat' dir='ltr'>desi·</span> <span class='ocrx_word' id='word_1_14' title='bbox 1483 583 1508 630; x_wconf 80' lang='grc' dir='ltr'>ο</span> <span class='ocrx_word' id='word_1_15' title='bbox 1531 569 1581 630; x_wconf 67' lang='grc' dir='ltr'>6Γ</span> 
     </span>
     <span class='ocr_line' id='line_1_3' title="bbox 314 689 1460 781; baseline -0.003 -21"><span class='ocrx_word' id='word_1_16' title='bbox 314 703 423 781; x_wconf 87' lang='lat' dir='ltr'>gnata</span> <span class='ocrx_word' id='word_1_17' title='bbox 442 694 546 776; x_wconf 87' lang='lat' dir='ltr'>atria,</span> <span class='ocrx_word' id='word_1_18' title='bbox 572 716 719 781; x_wconf 90' lang='lat' dir='ltr'>quorum</span> <span class='ocrx_word' id='word_1_19' title='bbox 739 692 879 779; x_wconf 84' lang='lat' dir='ltr'>singula</span> <span class='ocrx_word' id='word_1_20' title='bbox 898 690 1045 756; x_wconf 86' lang='lat' dir='ltr'>totidem</span> <span class='ocrx_word' id='word_1_21' title='bbox 1065 697 1156 755; x_wconf 76' lang='lat' dir='ltr'>artes</span> <span class='ocrx_word' id='word_1_22' title='bbox 1180 689 1460 776; x_wconf 82' lang='lat' dir='ltr'>complectuntur</span> 
     </span>
     <span class='ocr_line' id='line_1_4' title="bbox 315 815 1594 904; baseline 0.003 -21"><span class='ocrx_word' id='word_1_23' title='bbox 315 828 349 883; x_wconf 86' lang='lat' dir='ltr'>et</span> <span class='ocrx_word' id='word_1_24' title='bbox 368 820 546 902; x_wconf 83' lang='lat' dir='ltr'>exercitia,</span> <span class='ocrx_word' id='word_1_25' title='bbox 583 819 628 883; x_wconf 89' lang='lat' dir='ltr'>ad</span> <span class='ocrx_word' id='word_1_26' title='bbox 663 840 810 904; x_wconf 90' lang='lat' dir='ltr'>quorum</span> <span class='ocrx_word' id='word_1_27' title='bbox 834 817 971 902; x_wconf 84' lang='lat' dir='ltr'>singula</span> <span class='ocrx_word' id='word_1_28' title='bbox 1005 815 1135 902; x_wconf 87' lang='lat' dir='ltr'>viginti</span> <span class='ocrx_word' id='word_1_29' title='bbox 1169 815 1236 880; x_wconf 89' lang='lat' dir='ltr'>duo</span> <span class='ocrx_word' id='word_1_30' title='bbox 1261 815 1461 882; x_wconf 86' lang='lat' dir='ltr'>referuntur</span> <span class='ocrx_word' id='word_1_31' title='bbox 1486 824 1594 886; x_wconf 81' lang='lat'>550</span> 
     </span>
     <span class='ocr_line' id='line_1_5' title="bbox 315 934 1460 1031; baseline -0.003 -20"><span class='ocrx_word' id='word_1_32' title='bbox 315 967 446 1031; x_wconf 80' lang='lat' dir='ltr'>organa</span> <span class='ocrx_word' id='word_1_33' title='bbox 480 946 536 1010; x_wconf 89' lang='lat' dir='ltr'>vel</span> <span class='ocrx_word' id='word_1_34' title='bbox 564 944 732 1027; x_wconf 89' lang='lat' dir='ltr'>actiones,</span> <span class='ocrx_word' id='word_1_35' title='bbox 767 950 807 1009; x_wconf 92' lang='lat' dir='ltr'>ut</span> <span class='ocrx_word' id='word_1_36' title='bbox 838 942 946 1009; x_wconf 88' lang='lat' dir='ltr'>trium</span> <span class='ocrx_word' id='word_1_37' title='bbox 981 941 1184 1008; x_wconf 84' lang='lat' dir='ltr'>radicaliunr</span> <span class='ocrx_word' id='word_1_38' title='bbox 1220 934 1460 1010; x_wconf 86' lang='lat' dir='ltr'>hebraicorum</span> 
     </span>
     <span class='ocr_line' id='line_1_6' title="bbox 269 1068 1460 1162; baseline 0.001 -26"><span class='ocrx_word' id='word_1_39' title='bbox 269 1077 290 1136; x_wconf 76' lang='lat' dir='ltr'>b</span> <span class='ocrx_word' id='word_1_40' title='bbox 314 1071 542 1137; x_wconf 87' lang='lat' dir='ltr'>terminorum</span> <span class='ocrx_word' id='word_1_41' title='bbox 563 1071 662 1158; x_wconf 86' lang='lat' dir='ltr'>signa</span> <span class='ocrx_word' id='word_1_42' title='bbox 683 1070 882 1162; x_wconf 66' lang='lat' dir='ltr'>adipiscare,</span> <span class='ocrx_word' id='word_1_43' title='bbox 903 1069 1014 1135; x_wconf 80' lang='lat' dir='ltr'>Facili</span> <span class='ocrx_word' id='word_1_44' title='bbox 1033 1069 1126 1134; x_wconf 89' lang='lat' dir='ltr'>enim</span> <span class='ocrx_word' id='word_1_45' title='bbox 1147 1068 1337 1136; x_wconf 76' lang='lat' dir='ltr'>additionis</span> <span class='ocrx_word' id='word_1_46' title='bbox 1356 1078 1460 1157; x_wconf 88' lang='lat' dir='ltr'>atque</span> 
     </span>
     <span class='ocr_line' id='line_1_7' title="bbox 313 1194 1459 1283; baseline -0.001 -21"><span class='ocrx_word' id='word_1_47' title='bbox 313 1195 562 1263; x_wconf 74' lang='lat' dir='ltr'>subtractionis</span> <span class='ocrx_word' id='word_1_48' title='bbox 582 1217 685 1281; x_wconf 89' lang='lat' dir='ltr'>opere</span> <span class='ocrx_word' id='word_1_49' title='bbox 704 1194 807 1260; x_wconf 86' lang='lat' dir='ltr'>facile</span> <span class='ocrx_word' id='word_1_50' title='bbox 827 1194 970 1259; x_wconf 89' lang='lat' dir='ltr'>caeteris</span> <span class='ocrx_word' id='word_1_51' title='bbox 990 1199 1090 1280; x_wconf 90' lang='lat' dir='ltr'>(quae</span> <span class='ocrx_word' id='word_1_52' title='bbox 1110 1216 1180 1259; x_wconf 91' lang='lat' dir='ltr'>non</span> <span class='ocrx_word' id='word_1_53' title='bbox 1199 1202 1280 1260; x_wconf 87' lang='lat' dir='ltr'>sunt</span> <span class='ocrx_word' id='word_1_54' title='bbox 1296 1196 1459 1283; x_wconf 86' lang='lat' dir='ltr'>plurima)</span> 
     </span>
     <span class='ocr_line' id='line_1_8' title="bbox 312 1318 1357 1407; baseline 0 -22"><span class='ocrx_word' id='word_1_55' title='bbox 312 1319 489 1386; x_wconf 77' lang='lat' dir='ltr'>radicibus</span> <span class='ocrx_word' id='word_1_56' title='bbox 508 1327 543 1385; x_wconf 90' lang='lat' dir='ltr'>et</span> <span class='ocrx_word' id='word_1_57' title='bbox 564 1342 634 1385; x_wconf 88' lang='lat' dir='ltr'>non</span> <span class='ocrx_word' id='word_1_58' title='bbox 653 1319 829 1386; x_wconf 83' lang='lat' dir='ltr'>radicibus</span> <span class='ocrx_word' id='word_1_59' title='bbox 848 1318 1131 1405; x_wconf 87' lang='lat' dir='ltr'>adsignifioandis</span> <span class='ocrx_word' id='word_1_60' title='bbox 1150 1320 1357 1407; x_wconf 81' lang='lat' dir='ltr'>providebis.</span> 
     </span>
    </p>
   </div>
   <div class='ocr_carea' id='block_1_3' title="bbox 452 1609 1321 1722">
    <p class='ocr_par' dir='ltr' id='par_1_3' title="bbox 452 1609 1321 1722">
     <span class='ocr_line' id='line_1_9' title="bbox 452 1609 1321 1678; baseline 0.002 -29"><span class='ocrx_word' id='word_1_61' title='bbox 452 1611 487 1650; x_wconf 90' lang='lat' dir='ltr'>De</span> <span class='ocrx_word' id='word_1_62' title='bbox 502 1610 654 1678; x_wconf 76' lang='lat' dir='ltr'>explicatione</span> <span class='ocrx_word' id='word_1_63' title='bbox 670 1609 813 1651; x_wconf 74' lang='lat' dir='ltr'>deductionis</span> <span class='ocrx_word' id='word_1_64' title='bbox 827 1609 959 1660; x_wconf 73' lang='lat' dir='ltr'>multiplicis</span> <span class='ocrx_word' id='word_1_65' title='bbox 973 1611 1098 1651; x_wconf 72' lang='lat' dir='ltr'>formarum</span> <span class='ocrx_word' id='word_1_66' title='bbox 1115 1621 1161 1651; x_wconf 87' lang='lat' dir='ltr'>nen</span> <span class='ocrx_word' id='word_1_67' title='bbox 1177 1611 1321 1651; x_wconf 75' lang='lat' dir='ltr'>sensibilium</span> 
     </span>
     <span class='ocr_line' id='line_1_10' title="bbox 785 1680 982 1722; baseline 0.005 -2"><span class='ocrx_word' id='word_1_68' title='bbox 785 1681 814 1722; x_wconf 85' lang='lat' dir='ltr'>de</span> <span class='ocrx_word' id='word_1_69' title='bbox 829 1680 982 1721; x_wconf 74' lang='lat' dir='ltr'>sensibilibus.</span> 
     </span>
    </p>
   </div>
   <div class='ocr_carea' id='block_1_4' title="bbox 245 1923 1457 3022">
    <p class='ocr_par' dir='ltr' id='par_1_4' title="bbox 247 1923 1457 2515">
     <span class='ocr_line' id='line_1_11' title="bbox 247 1923 1457 2012; baseline 0.001 -22"><span class='ocrx_word' id='word_1_70' title='bbox 247 1928 289 1990; x_wconf 81' lang='grc'><strong>10</strong></span> <span class='ocrx_word' id='word_1_71' title='bbox 401 1924 506 2010; x_wconf 76' lang='lat' dir='ltr'>Quot,</span> <span class='ocrx_word' id='word_1_72' title='bbox 528 1923 655 2010; x_wconf 84' lang='lat' dir='ltr'>quibus</span> <span class='ocrx_word' id='word_1_73' title='bbox 679 1923 911 2010; x_wconf 82' lang='lat' dir='ltr'>qualibusque</span> <span class='ocrx_word' id='word_1_74' title='bbox 929 1923 1041 1989; x_wconf 88' lang='lat' dir='ltr'>modis</span> <span class='ocrx_word' id='word_1_75' title='bbox 1065 1925 1195 2012; x_wconf 84' lang='lat' dir='ltr'>formae</span> <span class='ocrx_word' id='word_1_76' title='bbox 1219 1947 1290 1990; x_wconf 86' lang='lat' dir='ltr'>non</span> <span class='ocrx_word' id='word_1_77' title='bbox 1315 1927 1457 1991; x_wconf 89' lang='lat' dir='ltr'>sensibi-</span> 
     </span>
     <span class='ocr_line' id='line_1_12' title="bbox 310 2048 1457 2135; baseline 0.004 -22"><span class='ocrx_word' id='word_1_78' title='bbox 310 2049 358 2113; x_wconf 88' lang='lat' dir='ltr'>les</span> <span class='ocrx_word' id='word_1_79' title='bbox 392 2072 454 2135; x_wconf 89' lang='lat' dir='ltr'>per</span> <span class='ocrx_word' id='word_1_80' title='bbox 483 2072 539 2114; x_wconf 90' lang='lat' dir='ltr'>eas</span> <span class='ocrx_word' id='word_1_81' title='bbox 572 2072 660 2135; x_wconf 88' lang='lat' dir='ltr'>quae</span> <span class='ocrx_word' id='word_1_82' title='bbox 680 2048 837 2115; x_wconf 76' lang='lat' dir='ltr'>sensibus</span> <span class='ocrx_word' id='word_1_83' title='bbox 872 2055 996 2135; x_wconf 90' lang='lat' dir='ltr'>patent</span> <span class='ocrx_word' id='word_1_84' title='bbox 1035 2049 1247 2135; x_wconf 79' lang='lat' dir='ltr'>figurandae,</span> <span class='ocrx_word' id='word_1_85' title='bbox 1283 2052 1457 2118; x_wconf 84' lang='lat' dir='ltr'>notandae</span> 
     </span>
     <span class='ocr_line' id='line_1_13' title="bbox 310 2174 1454 2260; baseline 0.005 -22"><span class='ocrx_word' id='word_1_86' title='bbox 310 2180 414 2260; x_wconf 89' lang='lat' dir='ltr'>atque</span> <span class='ocrx_word' id='word_1_87' title='bbox 433 2174 633 2241; x_wconf 87' lang='lat' dir='ltr'>retinendae</span> <span class='ocrx_word' id='word_1_88' title='bbox 652 2174 735 2257; x_wconf 90' lang='lat' dir='ltr'>sint,</span> <span class='ocrx_word' id='word_1_89' title='bbox 765 2197 836 2239; x_wconf 90' lang='lat' dir='ltr'>non</span> <span class='ocrx_word' id='word_1_90' title='bbox 855 2175 955 2241; x_wconf 86' lang='lat' dir='ltr'>modo</span> <span class='ocrx_word' id='word_1_91' title='bbox 974 2174 1047 2259; x_wconf 90' lang='lat' dir='ltr'>hic,</span> <span class='ocrx_word' id='word_1_92' title='bbox 1076 2175 1134 2241; x_wconf 89' lang='lat' dir='ltr'>sed</span> <span class='ocrx_word' id='word_1_93' title='bbox 1154 2181 1188 2241; x_wconf 91' lang='lat' dir='ltr'>et</span> <span class='ocrx_word' id='word_1_94' title='bbox 1212 2176 1289 2242; x_wconf 86' lang='lat' dir='ltr'>aliis</span> <span class='ocrx_word' id='word_1_95' title='bbox 1314 2177 1351 2242; x_wconf 88' lang='lat' dir='ltr'>in</span> <span class='ocrx_word' id='word_1_96' title='bbox 1370 2178 1454 2244; x_wconf 87' lang='lat' dir='ltr'>locis</span> 
     </span>
     <span class='ocr_line' id='line_1_14' title="bbox 310 2299 1455 2388; baseline 0.006 -25"><span class='ocrx_word' id='word_1_97' title='bbox 310 2299 458 2386; x_wconf 87' lang='lat' dir='ltr'>amplius</span> <span class='ocrx_word' id='word_1_98' title='bbox 476 2301 719 2388; x_wconf 86' lang='lat' dir='ltr'>expressimus,</span> <span class='ocrx_word' id='word_1_99' title='bbox 739 2301 973 2388; x_wconf 87' lang='lat' dir='ltr'>copiosissime</span> <span class='ocrx_word' id='word_1_100' title='bbox 992 2307 1106 2367; x_wconf 87' lang='lat' dir='ltr'>autern</span> <span class='ocrx_word' id='word_1_101' title='bbox 1122 2302 1158 2367; x_wconf 90' lang='lat' dir='ltr'>in</span> <span class='ocrx_word' id='word_1_102' title='bbox 1175 2325 1243 2368; x_wconf 91' lang='lat' dir='ltr'>uno</span> <span class='ocrx_word' id='word_1_103' title='bbox 1258 2303 1299 2368; x_wconf 91' lang='lat' dir='ltr'>de</span> <span class='ocrx_word' id='word_1_104' title='bbox 1316 2303 1455 2370; x_wconf 80' lang='lat' dir='ltr'>Clavis</span> 
     </span>
     <span class='ocr_line' id='line_1_15' title="bbox 309 2425 1455 2515; baseline 0.003 -25"><span class='ocrx_word' id='word_1_105' title='bbox 309 2448 480 2512; x_wconf 85' lang='lat' dir='ltr'>magnae</span> <span class='ocrx_word' id='word_1_106' title='bbox 508 2426 759 2508; x_wconf 62' lang='lat' dir='ltr'>voluminibus</span> <span class='ocrx_word' id='word_1_107' title='bbox 786 2426 879 2513; x_wconf 89' lang='lat' dir='ltr'>quod</span> <span class='ocrx_word' id='word_1_108' title='bbox 907 2425 1154 2513; x_wconf 87' lang='lat' dir='ltr'>Sigillorum</span> <span class='ocrx_word' id='word_1_109' title='bbox 1174 2429 1345 2515; x_wconf 83' lang='lat' dir='ltr'>sigillus</span> <span class='ocrx_word' id='word_1_110' title='bbox 1375 2430 1455 2495; x_wconf 83' lang='lat' dir='ltr'>inti-</span> 
     </span>
    </p>

    <p class='ocr_par' dir='ltr' id='par_1_5' title="bbox 245 2550 1455 3022">
     <span class='ocr_line' id='line_1_16' title="bbox 245 2550 1455 2634; baseline 0.005 -19"><span class='ocrx_word' id='word_1_111' title='bbox 245 2564 285 2625; x_wconf 77' lang='grc'><strong>15</strong></span> <span class='ocrx_word' id='word_1_112' title='bbox 308 2550 458 2634; x_wconf 88' lang='lat' dir='ltr'>tulatur;</span> <span class='ocrx_word' id='word_1_113' title='bbox 479 2551 539 2617; x_wconf 89' lang='lat' dir='ltr'>ubi</span> <span class='ocrx_word' id='word_1_114' title='bbox 558 2573 629 2617; x_wconf 91' lang='lat' dir='ltr'>non</span> <span class='ocrx_word' id='word_1_115' title='bbox 648 2552 762 2618; x_wconf 87' lang='lat' dir='ltr'>solum</span> <span class='ocrx_word' id='word_1_116' title='bbox 781 2550 946 2618; x_wconf 86' lang='lat' dir='ltr'>doeemur</span> <span class='ocrx_word' id='word_1_117' title='bbox 963 2575 1033 2618; x_wconf 89' lang='grc'><strong>11011</strong></span> <span class='ocrx_word' id='word_1_118' title='bbox 1055 2552 1233 2620; x_wconf 86' lang='lat' dir='ltr'>sensibiles</span> <span class='ocrx_word' id='word_1_119' title='bbox 1252 2555 1294 2620; x_wconf 87' lang='lat' dir='ltr'>de</span> <span class='ocrx_word' id='word_1_120' title='bbox 1313 2556 1455 2621; x_wconf 89' lang='lat' dir='ltr'>sensibi-</span> 
     </span>
     <span class='ocr_line' id='line_1_17' title="bbox 307 2675 1453 2765; baseline 0.007 -26"><span class='ocrx_word' id='word_1_121' title='bbox 307 2675 414 2759; x_wconf 86' lang='lat' dir='ltr'>libus,</span> <span class='ocrx_word' id='word_1_122' title='bbox 435 2676 495 2742; x_wconf 91' lang='lat' dir='ltr'>sed</span> <span class='ocrx_word' id='word_1_123' title='bbox 516 2700 737 2763; x_wconf 88' lang='lat' dir='ltr'>quascunque</span> <span class='ocrx_word' id='word_1_124' title='bbox 757 2678 799 2743; x_wconf 89' lang='lat' dir='ltr'>de</span> <span class='ocrx_word' id='word_1_125' title='bbox 828 2678 1114 2765; x_wconf 66' lang='lat' dir='ltr'>quibuscunque,</span> <span class='ocrx_word' id='word_1_126' title='bbox 1138 2679 1180 2744; x_wconf 84' lang='lat' dir='ltr'>ad</span> <span class='ocrx_word' id='word_1_127' title='bbox 1202 2702 1319 2746; x_wconf 88' lang='lat' dir='ltr'>omnes</span> <span class='ocrx_word' id='word_1_128' title='bbox 1345 2681 1453 2747; x_wconf 88' lang='lat' dir='ltr'>animi</span> 
     </span>
     <span class='ocr_line' id='line_1_18' title="bbox 309 2802 1452 2889; baseline 0.004 -23"><span class='ocrx_word' id='word_1_129' title='bbox 309 2802 541 2888; x_wconf 85' lang='lat' dir='ltr'>operationes,</span> <span class='ocrx_word' id='word_1_130' title='bbox 561 2826 603 2868; x_wconf 85' lang='lat' dir='ltr'>ex</span> <span class='ocrx_word' id='word_1_131' title='bbox 624 2804 859 2889; x_wconf 76' lang='lat' dir='ltr'>naturalibuS,</span> <span class='ocrx_word' id='word_1_132' title='bbox 874 2829 915 2871; x_wconf 82' lang='lat' dir='ltr'>ex</span> <span class='ocrx_word' id='word_1_133' title='bbox 935 2805 1175 2872; x_wconf 87' lang='lat' dir='ltr'>artificialibus</span> <span class='ocrx_word' id='word_1_134' title='bbox 1193 2805 1386 2873; x_wconf 86' lang='lat' dir='ltr'>etfortasse</span> <span class='ocrx_word' id='word_1_135' title='bbox 1405 2807 1452 2872; x_wconf 87' lang='lat' dir='ltr'>di·</span> 
     </span>
     <span class='ocr_line' id='line_1_19' title="bbox 307 2927 1453 3022; baseline 0.007 -32"><span class='ocrx_word' id='word_1_136' title='bbox 307 2927 400 2992; x_wconf 80' lang='lat' dir='ltr'>vinis</span> <span class='ocrx_word' id='word_1_137' title='bbox 412 2927 663 3014; x_wconf 86' lang='lat' dir='ltr'>quodammodo</span> <span class='ocrx_word' id='word_1_138' title='bbox 676 2928 870 3017; x_wconf 71' lang='lat' dir='ltr'>principiis</span> <span class='ocrx_word' id='word_1_139' title='bbox 884 2929 1011 2996; x_wconf 80' lang='lat' dir='ltr'>formas</span> <span class='ocrx_word' id='word_1_140' title='bbox 1023 2930 1154 2997; x_wconf 89' lang='lat' dir='ltr'>elicere.</span> <span class='ocrx_word' id='word_1_141' title='bbox 1165 2933 1284 3020; x_wconf 88' lang='lat' dir='ltr'>Ipsum</span> <span class='ocrx_word' id='word_1_142' title='bbox 1295 2934 1453 3022; x_wconf 85' lang='lat' dir='ltr'>plurimis</span> 
     </span>
    </p>
   </div>
   <div class='ocr_carea' id='block_1_5' title="bbox 309 3053 1424 3142">
    <p class='ocr_par' dir='ltr' id='par_1_6' title="bbox 309 3053 1424 3142">
     <span class='ocr_line' id='line_1_20' title="bbox 309 3053 1424 3142; baseline 0.005 -26"><span class='ocrx_word' id='word_1_143' title='bbox 309 3053 545 3138; x_wconf 80' lang='lat' dir='ltr'>gravibusque</span> <span class='ocrx_word' id='word_1_144' title='bbox 564 3054 675 3120; x_wconf 86' lang='lat' dir='ltr'>causis</span> <span class='ocrx_word' id='word_1_145' title='bbox 699 3054 873 3142; x_wconf 86' lang='lat' dir='ltr'>praesenti</span> <span class='ocrx_word' id='word_1_146' title='bbox 892 3056 1156 3142; x_wconf 87' lang='lat' dir='ltr'>pertractationi</span> <span class='ocrx_word' id='word_1_147' title='bbox 1175 3059 1424 3125; x_wconf 83' lang='lat' dir='ltr'>continuamus.</span> 
     </span>
    </p>
   </div>
   <div class='ocr_carea' id='block_1_6' title="bbox 490 3331 1280 3419">
    <p class='ocr_par' dir='ltr' id='par_1_7' title="bbox 490 3331 1280 3419">
     <span class='ocr_line' id='line_1_21' title="bbox 490 3331 1280 3419; baseline 0.005 -23"><span class='ocrx_word' id='word_1_148' title='bbox 490 3332 742 3419; x_wconf 85' lang='lat' dir='ltr'>Explicationis</span> <span class='ocrx_word' id='word_1_149' title='bbox 762 3331 905 3396; x_wconf 89' lang='lat' dir='ltr'>minoris</span> <span class='ocrx_word' id='word_1_150' title='bbox 924 3333 1070 3417; x_wconf 85' lang='lat' dir='ltr'>triginta</span> <span class='ocrx_word' id='word_1_151' title='bbox 1090 3333 1280 3419; x_wconf 85' lang='lat' dir='ltr'>sigillorum</span> 
     </span>
    </p>
   </div>
   <div class='ocr_carea' id='block_1_7' title="bbox 807 3457 944 3522">
    <p class='ocr_par' dir='ltr' id='par_1_8' title="bbox 807 3457 944 3522">
     <span class='ocr_line' id='line_1_22' title="bbox 807 3457 944 3522; baseline -0.015 0"><span class='ocrx_word' id='word_1_152' title='bbox 807 3457 944 3522; x_wconf 82' lang='lat' dir='ltr'>FINIS.</span> 
     </span>
    </p>
   </div>
   <div class='ocr_carea' id='block_1_8' title="bbox 0 0 1712 5122">
    <p class='ocr_par' dir='ltr' id='par_1_9' title="bbox 0 0 1712 5122">
     <span class='ocr_line' id='line_1_23' title="bbox 0 0 1712 5122; baseline 0 0"><span class='ocrx_word' id='word_1_153' title='bbox 0 0 1712 5122; x_wconf 95' lang='lat' dir='ltr'> </span> 
     </span>
    </p>
   </div>
  </div>
 </body>
</html>
