3414 5122
576 428 620 471 nn
641 428 797 472 nannum
819 428 1076 475 connumerem.
1340 415 1398 472 aab

251 582 345 648 tione
364 582 590 648 terminorum
609 582 768 670 patefiet;
789 592 886 650 sexto
905 607 966 672 per
985 583 1246 649 distinctionem
1266 583 1399 671 proprii

251 716 286 773 et
305 709 533 797 appropriati,
556 717 725 794 quatenus
744 711 828 776 haec
847 710 1054 797 quibusdam
1084 711 1291 777 naturaliter
1322 735 1399 777 eon-

251 835 409 917 veniunt,
430 835 508 900 aliis
526 858 588 921 per
608 859 643 900 se
662 843 697 901 et
715 858 734 901 a
754 859 802 919 se,
823 835 900 901 aliis
924 835 1115 902 adventitia
1142 843 1177 900 et
1207 859 1269 923 per
1289 835 1398 919 aliud,

251 960 328 1027 aliis
347 961 491 1046 inquam
510 986 552 1027 ex
571 969 716 1029 naturae
732 963 942 1047 substantia,
961 962 1038 1028 aliis
1054 985 1095 1028 ex
1113 962 1301 1046 infusione,
1320 963 1398 1028 aliis

206 1087 227 1149 ὃ
252 1108 293 1150 ex
313 1087 549 1171 acquisitione.

330 1386 409 1452 Osa.
437 1388 514 1454 VII.
552 1387 615 1451 DE
647 1386 963 1453 PRAEDIOATIS
998 1386 1316 1453 RESPEOTlVIs,

736 1592 754 1630 1.
771 1591 903 1631 Monrbruru.
1419 1575 1443 1622 0
1465 1560 1515 1621 7⁹

339 1817 390 1882 De
402 1838 527 1902 genere
541 1814 818 1902 praedicatorum
833 1836 937 1900 supra
956 1813 1107 1879 diximus
1126 1837 1198 1879 esse
1217 1815 1397 1900 quaedam,

250 1965 339 2028 quae,
360 1940 425 2005 hoo
448 1939 562 2027 ipsum
584 1939 676 2024 quod
699 1947 781 2004 sunt
804 1938 950 2003 aliorum
970 1961 1043 2003 esse
1062 1938 1242 2023 dicuntur,
1268 1962 1399 2027 respec-

186 2073 227 2136 10
249 2070 336 2150 tiva,
363 2066 524 2148 relativa,
552 2064 820 2148 habitudinalis,
846 2064 1022 2150 adalind,
1052 2087 1140 2149 quae
1168 2071 1220 2147 (ut
1246 2075 1281 2131 et
1303 2089 1400 2152 prae-

249 2195 353 2277 dicta)
373 2192 533 2258 omnibus
554 2213 641 2277 quae
661 2198 742 2255 sunt
763 2197 797 2255 et
816 2213 888 2255 esse
904 2197 1059 2277 possunt,
1076 2189 1396 2277 adcommodantur,

248 2318 339 2384 unde
363 2325 397 2383 et
416 2317 492 2403 ipsa
510 2315 806 2381 universalissima
828 2315 1001 2403 principia
1025 2316 1063 2381 in
1082 2325 1156 2382 arte
1181 2315 1248 2382 ista
1272 2316 1398 2383 haben·

249 2451 320 2526 tur,
346 2449 494 2527 suntque
524 2464 649 2507 novem
672 2463 733 2528 per
757 2441 927 2507 elementa
957 2441 1103 2508 totidem
1126 2441 1333 2527 significata.
1353 2443 1396 2508 In

249 2568 449 2655 angularem
474 2567 621 2652 figuram
640 2565 884 2652 disponuntur,
902 2588 971 2652 qua
990 2589 1106 2632 eorum
1127 2589 1188 2653 per
1207 2567 1323 2632 omnia
1341 2590 1397 2654 pe-

185 2703 226 2768 15
249 2691 469 2762 netrativitas
488 2697 710 2782 significetur.
733 2697 798 2762 Per
814 2697 919 2779 triani
926 2696 1025 2782 gulos
1045 2695 1292 2782 disponuntur,
1315 2718 1399 2781 qua·
1423 2701 1531 2764 653

250 2829 350 2887 tenus
370 2821 499 2907 (inquit
518 2821 567 2886 ita
591 2821 693 2904 Lull.)
718 2821 755 2886 in
779 2820 939 2887 omnibus
962 2819 1189 2886 relationibus
1208 2830 1243 2885 et
1261 2820 1397 2887 habitu-

250 2949 390 3016 dinibus
409 2955 490 3014 sunt
509 2948 576 3013 duo
595 2949 720 3033 relata,
741 2956 776 3014 et
794 2949 885 3014 inter
909 2972 948 3014 ea
979 2949 1133 3014 medians
1160 2949 1292 3015 relatio.
1312 2949 1396 3017 Tres

251 3083 332 3141 sunt
351 3074 520 3162 implicati
539 3073 721 3160 trianguli,
743 3081 870 3139 utnon
889 3074 1000 3139 solum
1030 3096 1148 3139 eorum
1171 3074 1208 3138 in
1236 3074 1318 3157 alia,
1339 3074 1397 3139 sed

251 3205 286 3262 et
305 3205 425 3264 mutua
450 3198 488 3262 in
518 3199 666 3265 invicem
697 3198 963 3285 penetrativitas
993 3199 1210 3286 inspiciatur.
1241 3198 1397 3263 Dicimus

184 3325 229 3387 20
250 3323 343 3388 enim
362 3323 556 3389 bonitatem
575 3323 792 3388 differentem
813 3331 847 3388 et
863 3323 1031 3389 bonitatis
1049 3323 1292 3404 differentiam,
1314 3324 1398 3388 item

254 3455 288 3512 et
307 3447 539 3513 differentiam
562 3447 774 3534 principium
798 3456 832 3513 et
861 3449 1044 3535 principii,
1074 3449 1157 3513 item
1186 3448 1398 3535 principium

254 3575 446 3641 differentis
465 3581 500 3639 et
516 3573 741 3640 differentiae.

344 3912 361 3961 8
376 3910 607 3974 praedicatorum
623 3912 688 3963 Aa:
704 3910 916 3976 predicatorum
931 3910 957 3962 P
1020 3914 1050 3961 16
1066 3912 1180 3962 Lullius
1196 3912 1219 3962 G

389 4567 466 4609 Ruunt
482 4568 536 4617 Opp.
550 4569 588 4606 lot.
607 4566 640 4619 11,
656 4569 675 4607 2.
