3414 5122
690 471 828 516 tonnam
849 469 950 515 Bavnl

285 774 363 837 Cer.
387 773 483 838 VIII.
518 774 581 837 DE
617 772 767 837 SOALA
802 772 1093 837 PRAESENTIS
1128 772 1351 837 FIGVRAE.

742 999 760 1038 1.
777 999 908 1039 tlembrmn.

338 1201 514 1267 Secundae
532 1203 663 1288 figurae
680 1203 773 1268 scala
792 1202 897 1268 etiam
917 1203 1056 1289 propria
1072 1201 1258 1266 altitudine
1274 1203 1392 1267 latitu-

249 1325 397 1410 dineque
428 1333 571 1392 constat.
604 1328 665 1392 Est
693 1350 774 1413 ergo
803 1326 986 1413 longitudo
1016 1328 1127 1391 scalae
1158 1327 1302 1392 materia
1329 1350 1389 1392 sen

204 1453 225 1516 ὃ
248 1451 454 1535 subiectum,
475 1452 599 1538 inquo
619 1452 780 1517 discurrit
803 1452 1015 1534 intellectus,
1035 1474 1055 1515 a
1075 1452 1243 1538 supremis
1263 1461 1298 1516 et
1316 1454 1392 1517 uni·

248 1578 487 1643 versutissimis
506 1601 567 1664 per
586 1577 790 1643 intermedia
814 1577 857 1642 ad
876 1577 995 1644 infima
1019 1578 1241 1662 descendens,
1267 1578 1322 1642 vel
1346 1576 1390 1642 ab

248 1706 377 1773 infimis
406 1727 469 1792 per
498 1706 616 1772 eadem
652 1706 884 1772 conscendens
916 1708 959 1772 ad
989 1729 1163 1794 suprema,
1191 1714 1231 1771 nt
1262 1727 1341 1770 oum
1370 1727 1391 1768 a

247 1833 459 1914 differentia,
491 1856 579 1917 quae
606 1855 708 1920 super
738 1856 856 1898 omnes
883 1834 1158 1899 differentiarum
1181 1832 1311 1919 species
1341 1839 1393 1896 est

249 1957 580 2024 universalissimum
610 1958 834 2046 principium,
858 1967 939 2024 ante
967 1981 1070 2043 quam
1098 1968 1133 2024 et
1156 1982 1260 2045 supra
1287 1980 1391 2043 quam

184 2091 226 2156 10
247 2086 343 2151 nulla
366 2097 420 2150 est
445 2086 642 2152 differentia
661 2088 749 2174 (ipsa
773 2087 865 2152 enim
895 2110 957 2174 per
987 2088 1081 2152 alind
1104 2111 1173 2152 non
1200 2086 1336 2167 differt,
1356 2094 1392 2149 et

247 2239 309 2302 per
334 2217 445 2302 ipsam
465 2215 660 2281 differentia
679 2214 845 2281 differunt
863 2216 1048 2299 universa),
1070 2216 1307 2287 descendimus
1327 2239 1391 2302 per

247 2342 423 2428 proximas
446 2343 729 2428 immedietasque
745 2351 874 2430 partes,
892 2344 1021 2430 speeies
1039 2344 1225 2429 modosque
1249 2346 1292 2411 ad
1316 2346 1392 2410 infi-

249 2492 340 2534 mam
356 2478 460 2555 atque
479 2471 758 2555 remotissimam,
776 2481 904 2537 etcum
920 2495 940 2536 a
957 2471 1214 2556 concordantia,
1233 2481 1390 2557 quaeest
1414 2475 1446 2536 d
1467 2471 1523 2535 δ’

249 2595 580 2663 universalissimum
598 2598 810 2686 principium
830 2605 903 2686 (per
922 2597 1014 2684 quod
1033 2606 1068 2663 et
1087 2620 1155 2684 quo
1176 2601 1292 2665 omnia
1311 2623 1393 2666 con-

183 2725 225 2785 lo
249 2722 426 2788 cordantia
457 2725 679 2808 concordant,
710 2731 745 2790 et
779 2726 870 2810 quod
900 2747 969 2790 non
993 2726 1178 2790 concordat
1196 2749 1259 2812 per
1278 2728 1390 2820 aliud,

250 2852 340 2936 quod
364 2875 399 2915 se
419 2853 493 2939 ipso
513 2875 590 2918 cum
610 2854 687 2919 aliis
707 2855 743 2918 in
763 2855 897 2919 ratione
923 2855 1087 2940 principii
1111 2856 1325 2938 concorda-t),
1346 2857 1390 2922 ad

249 2978 477 3042 remotissima
496 2987 531 3043 et
547 2979 696 3044 maxime
710 2980 932 3066 particularia
953 3002 1014 3066 per
1032 2981 1190 3066 proxima
1209 2983 1391 3068 mediaque

249 3130 413 3172 converso
444 3107 681 3173 descendimus
710 3108 838 3173 ordine.
872 3108 991 3173 Simile
1022 3109 1063 3173 de
1093 3110 1171 3175 aliis
1199 3112 1392 3196 praesentis

250 3235 380 3320 figurae
409 3235 546 3321 angulis
576 3236 612 3300 in
643 3236 820 3322 proposito
850 3235 1058 3321 penetrativi
1091 3258 1249 3302 aseensus
1285 3245 1393 3323 atque

183 3365 227 3426 20
250 3361 431 3426 descensus
446 3371 498 3427 est
513 3361 690 3427 iudicium.
705 3362 762 3427 Sic
778 3362 821 3427 ab
838 3363 904 3427 ista
920 3362 1058 3448 signata
1074 3361 1285 3446 differentia,
1305 3387 1394 3448 quae

250 3494 301 3551 est
317 3487 408 3550 inter
425 3486 601 3552 Socratem
618 3494 652 3551 et
669 3486 852 3571 Achillem,
865 3487 1081 3574 procedimus
1098 3489 1141 3553 ad
1156 3488 1392 3555 differentiam

250 3612 341 3677 inter
360 3613 451 3677 hunc
471 3613 713 3700 philosophum
732 3620 766 3677 et
785 3614 877 3679 hunc
896 3615 1055 3698 militem,
1075 3615 1214 3680 indeed
1230 3616 1395 3681 differen-

251 3737 337 3803 tiam
357 3737 502 3803 militiae
522 3749 555 3803 et
571 3738 785 3821 literaturae,
805 3739 885 3804 inde
915 3739 958 3803 ad
988 3740 1285 3822 universaliorem,
1307 3765 1396 3826 qliae

250 3872 301 3930 est
320 3864 412 3929 inter
430 3864 631 3930 institutum
656 3865 853 3931 ordinatum
877 3866 920 3930 ad
944 3867 1113 3931 culturam
1139 3867 1264 3949 animi,
1285 3874 1320 3931 et
1344 3889 1396 3946 or-

183 3996 225 4058 213
250 3991 408 4057 dinatum
427 3990 482 4054 vel
501 3991 545 4055 ad
564 4014 682 4055 necem
702 4013 883 4077 corporum
903 3993 958 4056 vel
988 3991 1030 4056 ad
1050 3992 1196 4058 honores
1216 4001 1394 4077 extern0s3

342 4284 440 4334 1011.
454 4284 547 4333 1x.u
611 4283 1246 4346 scertaAG:scuriaP,esimilm.c.3.4clc.
1313 4288 1391 4337 5111-

249 4364 355 4428 premis
367 4363 433 4415 Aa:
448 4364 606 4429 supraemls
620 4363 658 4424 P,
672 4380 685 4413 e
699 4361 850 4413 similmente
864 4379 1014 4427 supraema
1025 4371 1071 4416 etc.
1087 4366 1116 4416 in
1128 4367 1229 4430 sepuito
1291 4369 1307 4416 9
1323 4376 1391 4416 ente

250 4461 333 4510 quam
353 4443 390 4495 G:
413 4447 595 4509 autc-{quem
618 4443 719 4494 Pas-³:
744 4451 898 4510 antequam
919 4446 943 4493 A
1009 4446 1040 4494 16
1064 4448 1141 4511 quod
1161 4445 1284 4510 (itinerari
1307 4464 1324 4495 α
1348 4451 1390 4513 ss)

250 4524 374 4575 PAA²·³:
389 4526 438 4575 sed
453 4524 477 4576 0
540 4526 572 4574 20
588 4525 744 4575 descensus
756 4522 821 4574 AG:
835 4525 868 4574 de
879 4527 1010 4588 lonenses
1025 4525 1051 4574 P
