3414 5122
310 388 367 451 132
746 408 886 457 1011111111
907 410 1009 457 aavur

307 565 568 657 thematicayvcl
586 565 754 650 verbalia,
770 567 961 639 verbalium
980 569 1024 634 ad
1042 570 1373 637 semimathematica
1392 571 1449 638 vel

308 691 495 757 sensibilia.

398 816 528 882 Similis
541 798 599 882 'est
617 817 707 882 ratio
727 816 1026 905 Compagiuatoris
1047 819 1090 884 ad
1109 819 1261 886 locorum
1280 820 1450 908 multipli-

308 942 479 1008 cationem
497 943 624 1009 rationi
636 943 790 1026 Arboris
807 950 911 1030 atque
927 945 1143 1029 quorundam
1159 945 1200 1010 de
1217 945 1341 1032 sigillis
1361 945 1448 1032 aliis,
1517 990 1522 999 ·

263 1069 284 1134 5
308 1069 442 1134 adeam
459 1091 545 1155 quae
564 1067 776 1134 adiectorum
793 1076 853 1133 est.
871 1069 975 1134 Ratio
992 1091 1129 1155 quoque
1146 1070 1449 1157 Oompagiuatoris

308 1199 360 1259 est
379 1193 501 1259 similis
520 1192 800 1277 deductionibuS,
820 1215 905 1278 quas
924 1193 1059 1260 Lullius
1076 1202 1110 1259 et
1128 1216 1191 1259 nos
1206 1194 1244 1260 in
1259 1194 1449 1260 inventivis

308 1318 441 1385 artibus
460 1317 690 1399 instituimusr,
711 1318 792 1384 [lum
811 1317 855 1384 ad
874 1326 1101 1406 conceptuum
1121 1327 1156 1385 et
1187 1321 1449 1407 contemplatio·

307 1466 391 1509 num
409 1444 734 1532 multiplicationem
753 1466 822 1510 una
841 1443 952 1530 figura
970 1466 1032 1530 per
1063 1444 1149 1511 alias
1173 1467 1290 1512 omnes
1314 1445 1453 1511 deduci-

308 1574 378 1652 tur,
396 1592 485 1635 unus
500 1568 702 1635 inveniendi
720 1569 839 1635 modus
856 1569 924 1635 alio
940 1569 1141 1635 inveniendi
1160 1570 1261 1637 modo
1281 1571 1450 1636 cohaeret.

563 1856 659 1904 Vultu,
674 1857 734 1906 quod
749 1857 881 1898 undecimus
896 1862 931 1899 ert
944 1858 1043 1910 1111111111,
1060 1859 1189 1911 explicatio.

394 2059 507 2125 Huius
524 2059 630 2145 sigilli
646 2059 826 2143 rationem,
839 2060 900 2126 ubi
915 2060 972 2126 De
991 2060 1206 2126 memoriae
1234 2060 1449 2126 verborum

305 2185 424 2274 praxi
445 2184 728 2269 instituebamuS,
748 2185 937 2272 tetigimus
956 2186 1011 2252 Ibi
1034 2187 1089 2251 vel
1107 2208 1150 2251 ex
1168 2185 1308 2272 proprio
1332 2186 1388 2253 vel
1408 2208 1450 2250 ax

306 2309 529 2399 appropriato
548 2309 687 2377 nomine
706 2311 821 2397 plures
837 2311 1008 2376 voluimus
1028 2333 1099 2376 esse
1116 2310 1348 2395 AristarchoS,
1366 2311 1451 2376 Bao-

306 2437 398 2522 choa,
420 2435 593 2519 Caesares
615 2443 654 2502 ut
673 2436 791 2502 eodem
810 2436 950 2502 nomine
976 2436 1194 2504 intitulamus
1224 2436 1377 2503 eiusdem
1400 2437 1452 2503 fa·

242 2574 284 2638 15
307 2562 423 2628 miliae
446 2563 502 2628 vel
525 2561 759 2628 institutionis
791 2562 846 2628 vel
870 2562 955 2628 artis
979 2562 1109 2649 plureS,
1134 2567 1174 2629 ut
1205 2585 1248 2628 ex
1276 2562 1319 2629 iis
1347 2562 1449 2629 modo

305 2709 413 2753 unum
432 2686 533 2753 modo
553 2687 660 2753 alium
679 2686 724 2752 ad
743 2708 846 2773 opera
863 2687 1058 2773 peragenda
1077 2687 1275 2754 referamus

394 2811 549 2877 Adiuvat
568 2811 634 2878 iste
657 2811 794 2898 sigillus
814 2811 997 2894 Tabulam,
1015 2834 1103 2897 quae
1117 2834 1228 2879 nonus
1248 2819 1313 2895 est,
1334 2818 1369 2877 et
1389 2810 1451 2876 mi·

307 2958 382 3002 rum
402 2935 440 3001 in
459 2936 598 3002 modum
617 2936 741 3002 dilatat
760 2936 886 3022 ipsam,
907 2942 1011 3023 atque
1029 2937 1126 3003 velut
1150 2936 1193 3002 ad
1223 2937 1371 3024 triplicis
1401 2936 1451 3001 di-

306 3063 494 3129 mensionis
513 3062 727 3129 differentias
748 3062 947 3150 amplificat.

240 3196 285 3260 20
395 3188 451 3253 Ad
469 3188 552 3254 haec
571 3189 601 3255 si
618 3187 925 3276 proportionaliter
943 3188 1122 3276 inspicias,
1142 3211 1212 3255 uon
1231 3189 1315 3255 satis
1335 3188 1450 3254 occul-

307 3321 380 3380 tam
394 3318 428 3379 et
445 3313 651 3401 implicitam
663 3313 768 3380 habes
786 3314 987 3380 inveniendi
1001 3313 1245 3400 iudicandique
1264 3315 1450 3400 rationem,

308 3439 390 3506 dum
409 3462 479 3505 non
497 3439 598 3506 modo
616 3439 783 3524 Bacchos,
811 3439 990 3524 Caesares,
1015 3440 1202 3527 Dionysios
1231 3440 1269 3506 in
1297 3440 1451 3507 omnium

306 3564 486 3631 hominum
504 3564 689 3653 generibus
709 3564 866 3651 affingaS,
884 3564 943 3632 sed
961 3565 1000 3631 in
1018 3565 1180 3632 arborum
1196 3565 1351 3632 omnium
1375 3588 1452 3652 spe·

309 3690 424 3757 ciebus
443 3690 598 3758 omnium
617 3691 819 3758 animalium
839 3691 968 3778 species
990 3689 1149 3776 inquiras
1169 3696 1203 3756 et
1222 3690 1396 3775 invenias,
1416 3691 1455 3755 in

242 3830 286 3894 25
309 3813 483 3885 omnilum
506 3815 662 3903 lapidum
681 3816 859 3904 speciebus
882 3816 1081 3903 plantarum
1113 3816 1256 3902 species,
1284 3815 1321 3880 in
1351 3815 1454 3881 unius
1478 3837 1509 3885 a
1530 3823 1582 3886 '7'

310 3940 434 4028 speciei
453 3940 643 4007 individuis
663 3942 817 4008 omnium
833 3941 979 4008 aliorum
996 3940 1125 4028 species
1142 3940 1390 4026 individuaque
1410 3940 1452 4005 si-

309 4067 413 4133 milia.
433 4067 612 4134 innumeri
635 4067 728 4135 enim
747 4066 943 4153 diversique
973 4066 1128 4133 homines
1155 4066 1269 4150 vultu,
1297 4065 1451 4131 moribus

401 4395 488 4445 salii
511 4394 547 4458 0,
568 4411 612 4445 mo
633 4396 667 4457 cf.
692 4395 789 4461 Lamp.
811 4392 874 4461 trip.
898 4400 958 4445 alut.
979 4411 1009 4459 p.
1031 4394 1137 4453 175,10
1216 4393 1246 4441 ll
1273 4389 1349 4440 Gaul.
1376 4387 1450 4442 Circ.

307 4476 405 4539 11249
468 4475 617 4527 11111111
633 4476 741 4527 Baccos
754 4474 781 4525 P
842 4476 874 4526 26
889 4473 1048 4526 individuis
1063 4471 1101 4525 G:
1116 4470 1246 4524 inuiduis
1258 4470 1284 4519 P
