3414 5122
380 461 424 505 DE
446 460 676 506 OOMPENDIOSA
697 459 950 504 Aucniracrvaa
973 458 1068 503 ARTIS
1090 458 1208 504 Lvttn.
1326 445 1363 502 21

315 614 454 702 Singuli
470 615 676 701 angulorum
695 614 849 700 singulas
868 613 910 698 (si
929 613 1077 700 placeat)
1097 612 1194 679 vivas
1214 611 1366 678 habeant

224 740 406 827 imagines,
418 763 505 827 quae
514 740 599 806 duas
616 741 701 806 alias
717 740 784 804 sibi
798 738 1010 804 collaterales
1026 738 1219 805 adsumant.
1232 737 1368 803 Deinde

224 874 475 932 memoraturus
494 865 639 953 procede
655 888 675 930 a
690 864 879 930 collaterali
898 864 1039 930 sinistro
1059 863 1179 949 anguli
1196 864 1226 929 B
1247 863 1290 929 ad
1310 886 1370 929 an·

225 992 346 1077 gulum
365 991 408 1073 B,
428 990 510 1055 hinc
536 990 579 1056 ad
608 1013 707 1056 suum
738 989 933 1056 collaterale
951 988 1112 1054 dextrum
1142 989 1185 1072 F,
1205 987 1329 1053 deinde
1349 1010 1369 1052 a

181 1118 202 1181 5
227 1115 416 1182 collaterali
435 1116 576 1181 sinistro
596 1115 716 1201 anguli
735 1115 761 1179 O
781 1114 824 1180 ad
848 1115 961 1202 ipsum
978 1115 1022 1198 G,
1042 1113 1123 1179 inde
1142 1114 1186 1180 ad
1210 1114 1284 1178 eius
1303 1112 1370 1178 col-

226 1241 369 1308 laterale
396 1242 555 1307 dextrum
574 1241 621 1325 H,
641 1239 783 1306 tandem
812 1240 855 1306 ad
884 1239 1079 1306 collaterale
1108 1239 1288 1305 sinistrum
1317 1239 1369 1325 ip-

227 1368 297 1435 sius
312 1368 358 1453 D,
374 1367 465 1453 quod
481 1375 534 1433 est
549 1368 580 1452 Ι,
593 1366 637 1432 ad
653 1367 725 1432 eius
742 1366 938 1432 collaterale
952 1366 1113 1431 dextrum
1129 1366 1173 1430 Κ.
1191 1365 1268 1431 Nisi
1283 1364 1369 1431 velis

226 1494 327 1561 aliter
351 1494 510 1559 ordinare
531 1499 664 1580 (utpote
689 1491 876 1558 secundum
895 1492 1088 1557 naturalem
1108 1491 1369 1573 successionem)

226 1621 263 1685 in
281 1621 346 1686 hac
365 1619 565 1709 praeposita
582 1620 703 1706 figura.

639 1904 673 1943 De
689 1903 756 1942 tertia
771 1901 852 1952 figura.
867 1898 923 1952 Cap.
939 1903 960 1942 8.
1394 1883 1473 1947 14¹⁸

315 2116 433 2182 'I'ertia
452 2117 562 2202 figura
578 2139 639 2203 per
658 2116 797 2202 aliquod
817 2116 1024 2182 clementum
1043 2137 1114 2180 non
1133 2114 1366 2201 significatum

225 2241 300 2328 ipsa
314 2242 406 2307 enim
422 2242 473 2306 nil
493 2241 586 2307 aliud
600 2264 672 2306 csse
683 2241 834 2324 videtur,
851 2247 1096 2329 praeterquam
1112 2241 1244 2328 primae
1264 2241 1269 2331 Ι
1291 2263 1368 2306 cum
1394 2248 1491 2310 251

225 2366 374 2433 secunda
394 2366 594 2454 complexio.
614 2365 698 2431 Eius
722 2368 890 2431 elementa
914 2366 1113 2452 significant
1138 2366 1309 2452 quidquid
1327 2366 1371 2431 si-

224 2492 393 2577 gnificant
412 2492 581 2557 clementa
599 2493 730 2578 primae
751 2502 785 2556 et
804 2491 973 2557 elementa
993 2491 1170 2557 secundae.

160 2614 202 2678 15
313 2616 740 2703 Notamushancfiguram
760 2617 928 2703 plurimos
948 2616 992 2682 ad
1011 2617 1145 2704 copiam
1158 2638 1272 2682 rerum
1291 2616 1371 2682 util-

225 2742 325 2807 limos
343 2742 469 2807 habere
488 2742 683 2807 inflexionis
700 2741 826 2808 modos
844 2742 997 2819 Quorum
1017 2743 1149 2828 primus
1166 2749 1217 2806 est
1232 2748 1370 2827 sumpto

225 2890 288 2954 pro
307 2867 461 2933 subiecto
480 2868 629 2932 termino
650 2867 823 2950 absolute,
843 2875 877 2932 et
895 2889 959 2953 pro
977 2867 1176 2954 praedicato
1197 2866 1264 2931 alio
1277 2866 1371 2932 abso·

225 2993 313 3076 11110,
324 2999 364 3058 ut
377 3015 455 3059 cum
473 2994 602 3059 dicitur
621 2993 758 3058 bonitas
777 3015 918 3078 magna;
939 2991 1088 3058 secundo
1105 2992 1252 3079 sumptis
1272 2991 1371 3056 utris-

226 3141 292 3205 que
311 3118 468 3183 terminis
487 3118 702 3204 respectivis,
718 3126 757 3183 ut
776 3140 854 3183 curn
878 3117 1006 3183 dicitur
1030 3117 1227 3182 differentia
1245 3116 1370 3203 princi-

160 3241 204 3304 20
226 3245 341 3331 piane,
369 3243 614 3309 concordantia
644 3243 809 3326 medians,
842 3242 1069 3308 contrarietas
1093 3243 1237 3326 finiens;
1264 3242 1369 3308 tertio

226 3377 364 3457 sumpto
383 3392 445 3457 pro
475 3368 628 3434 subiecto
656 3369 805 3433 termino
834 3368 1006 3452 absoluto,
1027 3375 1061 3432 ot
1085 3391 1148 3455 pro
1171 3367 1369 3455 praedicato

226 3495 374 3560 termino
387 3494 540 3577 relative,
553 3501 591 3559 ut
601 3492 745 3558 dicendo
759 3493 896 3558 bonitas
908 3492 1085 3576 differeus;
1100 3500 1221 3579 quarto
1233 3498 1369 3579 sumpto

225 3644 289 3709 pro
318 3620 473 3686 subiecto
506 3618 653 3684 termino
681 3618 885 3706 respective,
917 3625 952 3683 et
979 3641 1042 3705 pro
1073 3618 1273 3705 praedicato
1303 3624 1371 3682 ter·

227 3746 321 3810 mino
350 3745 519 3826 absolute,
545 3750 585 3809 ut
612 3743 755 3808 dicendo
783 3742 979 3808 dill‘erentia
999 3744 1099 3809 bona.
1120 3743 1187 3820 Qui
1207 3750 1371 3828 ‹prattuor

161 3872 204 3936 25
228 3871 321 3936 modi
340 3869 633 3957 multiplicantur:
653 3870 766 3956 primo
783 3892 844 3955 per
858 3869 1027 3934 adiective
1047 3869 1125 3957 capi
1144 3868 1199 3934 vel
1215 3869 1372 3934 substan·

227 3997 299 4063 tivo
322 3996 515 4061 subiectum
544 3994 599 4059 vel
623 3995 876 4081 praedicatum,
901 3993 1045 4060 dicendo
1069 3995 1207 4060 bonitas
1231 4016 1369 4078 magna,

228 4121 431 4208 magnitudo
448 4120 552 4201 bona,
569 4120 765 4185 differentia
781 4120 1009 4206 principiaus,
1028 4119 1257 4206 princilpium
1278 4118 1371 4184 diffc·
1394 4119 1478 4184 14v

229 4269 321 4330 rene,
341 4245 479 4311 bonitas
500 4244 676 4329 differens,
697 4244 894 4310 differentia
916 4245 1021 4327 bona3
1043 4245 1191 4310 secundo
1214 4244 1370 4330 utrisque

321 4451 372 4500 6l.
394 4466 410 4499 a
429 4449 587 4499 collaterali
607 4449 726 4499 sinistro
791 4450 829 4500 15.
841 4450 870 4498 16
892 4449 1030 4499 vtillimos
1058 4450 1097 4500 P:
1117 4449 1289 4500 utilissimos
1314 4464 1368 4498 ror·

228 4547 304 4599 reqye
321 4530 345 4583 G
409 4532 439 4583 17
450 4529 695 4597 pro-lpracdicato
708 4530 734 4578 P
795 4529 828 4579 24
844 4536 969 4595 quatuor
984 4528 1008 4580 (l
