3414 5122
572 437 617 481 nn
637 437 793 482 11111111
814 439 1072 485 couama'ronn.
1335 429 1391 487 ‘281

251 592 338 657 mini
354 615 423 658 non
440 593 591 680 physice,
606 616 675 661 non
687 594 808 682 logice,
822 618 891 662 non
904 595 1150 683 metaphorice,
1165 597 1225 662 sed
1245 599 1394 685 amplius

252 722 305 799 (ut
321 718 534 804 amplissima
546 727 597 784 est
611 720 847 786 huiuscemodi
863 727 931 804 ars)
944 721 988 786 ad
1000 721 1265 807 significandum
1279 729 1395 789 exten-

251 841 390 909 duntur.
411 845 538 911 Decem
558 845 669 932 igitur
688 846 906 932 quaestiones
925 846 1122 933 perdecem
1145 847 1311 913 terminos
1330 849 1393 913 sub

251 990 375 1034 novem
402 969 582 1037 elementis
601 978 853 1058 proponantur,
886 994 970 1057 quas
995 970 1152 1037 ordinate
1179 971 1217 1036 in
1235 973 1394 1056 sequenti

208 1100 228 1164 5
253 1091 384 1178 figurae
403 1094 484 1159 licet
503 1095 673 1181 inspicere
689 1095 825 1161 ordine:

384 1314 413 1378 B
437 1322 554 1381 utrum
956 1318 985 1381 F
1009 1322 1180 1402 qnantum

383 1439 408 1504 C
441 1439 523 1524 quid
958 1441 989 1504 G
1013 1441 1114 1526 quale

382 1563 413 1627 D
438 1565 568 1650 dequo
955 1566 989 1630 H
1013 1563 1150 1650 quando

385 1690 544 1777 Equare
960 1692 977 1755 I
1018 1690 1079 1756 ubi

535 1817 570 1880 K
594 1816 782 1902 quomodo,
802 1838 880 1882 cnm
899 1838 966 1901 quo

338 2031 432 2108 Quae
448 2052 519 2096 non
536 2032 613 2096 ideo
633 2031 795 2097 dicuntur
823 2033 1099 2118 quaestioneS,
1117 2033 1199 2117 quia
1216 2032 1335 2097 taliter
1355 2030 1392 2096 in

240 2156 383 2242 praxim
400 2155 540 2222 artificii
555 2157 777 2239 reducantur,
792 2157 851 2223 sed
867 2157 1032 2242 quoniam
1047 2180 1109 2245 per
1127 2158 1267 2222 modum
1288 2178 1389 2241 qnae·

248 2280 371 2346 stionis
400 2281 512 2367 primo
543 2282 738 2367 significare
767 2281 944 2364 videntur,
975 2281 1067 2367 quod
1094 2282 1224 2368 optime
1255 2280 1392 2345 Lollius

248 2405 352 2471 etiam
374 2406 447 2492 ipse
467 2405 682 2487 manifestat,
704 2406 785 2472 dum
809 2407 944 2473 easdem
963 2415 997 2472 et
1020 2407 1186 2492 regulas
1217 2404 1392 2492 appellare

184 2535 225 2598 15
248 2531 448 2614 consuevit;
475 2532 752 2617 quandoquidem
784 2557 825 2598 ex
857 2533 1019 2599 instituto
1053 2532 1240 2620 principali
1274 2531 1392 2619 potins

248 2657 291 2722 ad
328 2657 558 2742 regulandum
591 2666 626 2722 11
659 2657 892 2724 definiendum
930 2682 1033 2745 quam
1068 2659 1112 2724 ad
1145 2657 1392 2744 inquirendum

248 2791 330 2849 sunt
346 2783 499 2849 finaliter
516 2789 520 2867 l
535 2783 726 2868 ordinatae,
747 2793 787 2850 ut
805 2808 867 2872 per
885 2786 977 2873 ipsas
997 2786 1222 2873 disponamur
1245 2793 1279 2850 et
1299 2784 1389 2850 ordi·
1414 2804 1439 2852 e
1461 2791 1502 2850 1‘

250 2932 372 2976 namur
402 2910 439 2975 in
470 2911 641 2994 discursu,
676 2911 886 2976 resolutione
914 2920 949 2976 11
982 2911 1213 2998 explicatione
1248 2933 1391 2997 concep·

249 3036 395 3101 tionum.

180 3240 225 3305 20
733 3259 761 3299 ll.
778 3258 911 3300 nemorum.

337 3460 431 3537 Quae
448 3482 530 3524 sane
547 3458 687 3543 regulae
703 3478 763 3522 seu
779 3455 997 3542 quaestiones
1013 3476 1083 3521 non
1103 3462 1184 3520 sunt
1203 3462 1390 3540 utcumque

248 3584 443 3673 appositae,
478 3583 536 3649 sed
564 3582 785 3649 rationaliter
804 3580 992 3647 ordinatae.
1025 3581 1160 3645 Harum
1190 3580 1283 3644 enim
1302 3580 1392 3645 aliae

247 3711 291 3775 ad
306 3709 531 3775 intrinsecam
547 3708 596 3773 rei
611 3713 770 3796 spectant
783 3706 966 3788 rationem,
984 3705 1072 3771 aliae
1088 3705 1132 3770 ad
1149 3704 1387 3785 extrinsecam,

247 3835 336 3900 aliae
367 3835 410 3900 ad
443 3834 667 3899 intrinsecam
702 3831 952 3917 quodammodo
989 3838 1024 3897 11
1057 3830 1309 3917 quodammodo
1345 3831 1389 3896 ad

180 3963 224 4027 25
247 3960 459 4026 extrisecam.
479 3961 674 4026 Primatum
694 3957 781 4023 aliae
801 3957 921 4022 dicunt
936 3978 1076 4043 prorsus
1093 3956 1290 4022 absolutum
1306 3979 1388 4037 esse,

247 4094 287 4151 ut
303 4083 457 4167 ‘utrum',
479 4083 608 4170 'qnid'3
629 4082 716 4147 aliae
734 4082 884 4167 aliquem
909 4080 1077 4146 denotant
1106 4093 1319 4167 respectum,
1350 4086 1389 4145 nt

245 4209 305 4276 ‘de
324 4209 406 4297 quo’
427 4216 462 4274 et
480 4207 631 4294 ‘qnare'3
651 4206 739 4272 aliae
758 4205 837 4293 plus
856 4205 900 4270 ad
919 4205 1111 4271 extrinseca
1128 4205 1332 4292 respiciunt,
1350 4210 1389 4269 ut

338 4468 370 4519 12
384 4469 563 4519 reducuntur
580 4466 604 4518 G

378 4562 455 4604 Bnuur
472 4562 526 4612 opp.
539 4563 579 4602 lat.
595 4561 630 4612 11,
645 4563 665 4601 2.
