3414 5122
405 464 449 509 nn
470 464 703 510 courmmosa
725 464 979 510 uncmrumvsn
1001 464 1097 509 rums
1118 456 1236 509 nvnnn.
1352 453 1390 509 bi

249 645 424 705 mensura,
445 644 607 688 numerus
627 629 662 687 et
680 622 828 709 pondus3
849 622 932 688 item
957 623 1145 689 secundum
1164 645 1302 689 omnem
1320 645 1391 690 mo·

248 748 345 834 dum,
367 771 434 834 quo
463 748 596 834 aliquid
615 755 730 836 potest
757 748 884 814 habere
913 750 1099 833 rationem,
1128 749 1392 816 similitudinem

248 874 441 940 atmodum
460 875 665 959 mensurati,
685 875 857 940 numerati
882 880 917 940 et
935 876 1132 963 ponderati;
1161 877 1233 943 sive
1253 898 1392 961 quomo-

247 999 378 1067 dolibet
407 1001 676 1067 determinatum
699 1001 745 1066 sit
769 1001 841 1068 sive
870 1001 1191 1085 indeterminatum,
1217 1003 1290 1069 sive
1314 1003 1390 1069 fini-

202 1131 223 1192 ἴ)
247 1133 321 1193 tum
350 1128 395 1194 sit
424 1129 496 1194 sive
524 1127 714 1211 infinitum
746 1129 849 1216 idque
878 1129 950 1194 sive
973 1152 1078 1216 penes
1108 1130 1292 1196 essentiam
1316 1132 1388 1198 sive

244 1276 349 1343 penes
365 1278 445 1338 esse,
460 1254 532 1320 sive
549 1278 652 1343 pones
673 1256 677 1343 Ι
697 1255 888 1342 poi-entiam
902 1255 974 1321 sive
990 1277 1094 1342 penes
1109 1276 1217 1342 posse,
1233 1263 1389 1344 respectu
1415 1260 1522 1323 278

246 1381 490 1466 cuiuscumque
515 1380 606 1465 quod
630 1387 682 1445 est
705 1403 779 1462 ens,
800 1388 834 1445 et
858 1380 899 1445 cle
924 1403 992 1467 quo
1016 1380 1083 1446 dici
1103 1381 1214 1468 possit
1238 1404 1310 1447 esse
1335 1382 1391 1448 vel

245 1506 445 1593 imaginari;
466 1507 745 1593 quandoquidem
769 1530 870 1573 omne
889 1506 980 1594 quod
1010 1513 1062 1573 est
1081 1507 1263 1588 eiusmodi,
1286 1507 1390 1576 habet

245 1655 345 1698 suum
374 1639 601 1716 momentum,
633 1640 667 1698 et
698 1639 749 1717 (ut
768 1634 941 1721 proprius,
965 1633 1048 1698 licet
1072 1633 1177 1699 etiam
1207 1633 1390 1701 barbarius

181 1764 222 1828 10
245 1759 370 1842 dicam)
399 1782 493 1826 stiam
523 1760 799 1846 importantium,
824 1781 912 1844 quae
941 1781 1002 1846 per
1034 1757 1224 1845 ‘quantum
1253 1760 1316 1824 sit'
1340 1760 1391 1825 in-

245 1884 338 1970 quiri
373 1885 570 1968 consuevit3
602 1892 635 1951 et
670 1885 752 1950 haee
782 1884 987 1970 magnitudo
1021 1884 1169 1972 amplior
1198 1892 1249 1950 est
1285 1906 1389 1970 quam

247 2033 334 2096 quae
352 2011 513 2078 virtualis
533 2011 673 2095 dicitur,
694 2033 771 2076 cum
795 2010 906 2097 ipsam
930 2009 1145 2075 substantiae
1168 2008 1388 2077 nobilitatem

246 2137 510 2203 substantialem
527 2143 582 2221 (ne
599 2135 711 2202 dicam
724 2137 834 2223 ipsam
847 2135 1079 2202 substantiam
1094 2134 1258 2219 nobilem)
1272 2136 1387 2202 metiri

246 2261 335 2329 velle
357 2262 518 2329 videatur
538 2262 716 2348 ipsamque
735 2268 969 2327 mensuratam
988 2261 1165 2327 adducere.

430 2522 457 2561 u.
474 2523 507 2562 De
523 2521 698 2571 amplificatione
714 2525 737 2561 ei
751 2522 940 2572 multiplicatione
953 2522 1094 2572 quaestionis
1109 2522 1214 2570 ‘Qualek

332 2711 495 2790 Quaestio
519 2712 665 2791 ‘Quale’
698 2713 928 2801 amplificatur
958 2722 1032 2781 tum
1063 2737 1125 2802 per
1155 2737 1195 2780 ea
1225 2737 1313 2801 quae
1341 2715 1385 2781 ad
1410 2721 1498 2785 38‘

242 2838 560 2926 praedicamentum
593 2840 704 2925 logice
723 2847 881 2927 spectant
907 2847 942 2905 et
972 2840 1219 2927 meta-physice,
1245 2847 1318 2906 tum
1351 2848 1385 2906 et

242 2987 304 3050 per
329 2963 499 3029 rationem
524 2965 626 3051 longe
645 2965 756 3052 magis
787 2988 1014 3049 communem,
1047 2966 1329 3052 complectentem
1350 2973 1384 3031 et

241 3089 381 3176 propria
416 3089 620 3171 accidentia,
658 3113 745 3175 quae
773 3099 933 3157 naturam
963 3092 1013 3157 rei
1049 3098 1319 3179 consequuntur,
1349 3098 1384 3157 et

174 3216 219 3280 20
242 3212 455 3280 differentias
470 3221 504 3278 et
519 3215 755 3303 appropriata,
773 3239 859 3301 quae
876 3217 1144 3303 subsequuntur3
1163 3217 1279 3283 omnia
1298 3218 1383 3283 item

241 3339 447 3420 alive-utitis,
469 3362 694 3426 quaecunque
720 3347 895 3426 utcunque
922 3365 995 3408 rem
1020 3342 1251 3428 qualifioando
1275 3350 1381 3428 atque

240 3464 450 3548 talificand0‚
470 3465 574 3530 talem
595 3465 797 3552 qualemque
816 3465 1039 3532 denominare
1058 3475 1213 3554 possunt.

404 3724 433 3762 ll.
449 3725 484 3763 Dc
498 3724 676 3774 amplificatione
691 3728 713 3764 ot
727 3725 916 3774 multiplicatione
930 3726 1071 3774 quaestionis
1087 3726 1197 3774 ‘Quando
1207 3729 1221 3766 ’.

329 3931 492 4010 Quaestio
510 3932 693 4009 '‘siriaudo‘'
724 3933 955 4020 amplificatur
973 3957 1035 4021 per
1060 3934 1273 4000 differentias
1297 3941 1382 4000 tem-

89 4041 92 4044 *
172 4070 215 4134 25
238 4057 348 4144 poris,
369 4057 461 4143 quod
479 4066 530 4123 est
549 4058 677 4144 species
697 4059 903 4143 quantitatis
928 4060 1126 4142 continuae,
1147 4067 1181 4124 et
1199 4082 1261 4146 per
1280 4059 1377 4124 (liffe-

237 4183 380 4266 mutius,
401 4184 544 4270 species,
561 4184 790 4270 proprietates
806 4194 840 4249 et
856 4185 974 4251 modos
990 4194 1093 4269 atque
1111 4186 1378 4251 communitates

330 4453 581 4504 idolerminarnm
598 4454 623 4504 P
702 4455 751 4504 4.5
769 4454 830 4506 sive
847 4453 972 4522 finitum]
994 4455 1056 4506 sine
1080 4457 1105 4518 (o
1123 4455 1190 4518 fine)
1213 4454 1329 4505 finitum
1352 4454 1377 4505 P

239 4535 256 4585 9
271 4538 305 4584 nt
315 4534 406 4600 magis
417 4535 532 4600 proprio
547 4535 570 4585 G
633 4536 664 4585 10
681 4550 736 4601 que
752 4535 777 4584 P
841 4535 871 4585 li
888 4535 1103 4601 mothapiiysioo
1117 4535 1171 4587 PG

371 4629 446 4687 ilicum
461 4630 514 4677 Opp.
528 4631 568 4667 lai.
581 4628 647 4678 11‚2.
1209 4630 1221 4668 8
