3414 5122
393 463 437 508 DE
458 462 691 508 conrnn'nlosa
711 462 965 508 Ancul'rncrvna
987 464 1082 508 ARTIS
1106 463 1223 507 bVLLII.
1342 446 1380 505 47

235 616 287 684 ita
306 617 470 702 ditatum,
486 618 639 706 positum
659 618 696 683 in
715 624 833 683 centro
851 617 982 702 circuli,
1001 619 1030 683 si
1049 618 1219 684 discurrat
1239 619 1381 685 circum-

155 834 158 839 ·
236 744 422 810 ferentium
453 744 680 810 terminorum
708 743 809 809 istius
841 743 938 826 artie,
956 744 1154 811 innumeras
1183 744 1249 810 tibi
1268 746 1380 833 pariet

238 870 460 937 intentiones.

654 1108 688 1146 De
701 1105 796 1156 septimo
811 1106 920 1145 subtecto.
935 1105 964 1145 11.

191 1296 212 1360 5
326 1284 529 1351 Subiectum
553 1283 751 1370 septimum,
776 1282 868 1368 quod
887 1287 939 1347 est
957 1281 1216 1367 vegetativum,
1237 1279 1382 1344 elemen-

236 1410 306 1477 tale
326 1417 492 1496 tanquam
512 1409 585 1474 eius
604 1409 759 1495 stipitem
783 1416 817 1473 et
835 1406 1101 1473 fundamentum
1125 1405 1379 1493 complectitur;

236 1536 497 1623 dispositionem
518 1535 610 1599 enim
625 1526 786 1599 elementi
803 1531 958 1619 sequitur
973 1531 1154 1618 dispositio
1170 1530 1382 1617 Vegetetivi,

235 1661 326 1726 sicut
345 1661 447 1726 huius
471 1659 734 1746 dispositionem
757 1658 937 1745 dispositio
962 1656 1141 1740 Sensitivi,
1168 1657 1264 1722 illam
1292 1656 1380 1722 Ima-

234 1786 417 1873 ginatilvi,
437 1787 533 1853 illam
558 1785 741 1852 actualiter
759 1784 979 1851 Intellectivi.
1005 1784 1086 1849 Ideo
1115 1783 1203 1849 ratio
1232 1784 1379 1849 subiecti
1404 1786 1495 1851 3ov

170 1920 213 1983 10
236 1912 423 1999 superioris
457 1912 605 1978 includit
646 1911 793 1977 subiecti
830 1909 1005 1975 inferioris
1046 1910 1216 1975 rationem
1251 1909 1306 1974 vel
1340 1917 1380 1974 ut

238 2039 482 2125 compositum,
502 2037 558 2102 vel
587 2045 626 2102 ut
654 2037 895 2121 informatum,
922 2036 978 2100 vel
1003 2043 1043 2100 ut
1068 2034 1296 2122 participans,
1324 2033 1379 2098 vel

237 2170 277 2227 ut
295 2162 556 2249 participatum,
573 2162 629 2228 vel
645 2169 685 2226 ut
706 2166 710 2246 1
731 2184 850 2247 agens,
870 2162 925 2226 vel
941 2169 980 2226 ut
997 2160 1191 2226 subiectum
1208 2159 1379 2244 quoddam
1405 2159 1512 2221 2¹70

239 2294 299 2352 est.
325 2289 439 2354 Huius
470 2286 617 2353 subiecti
644 2287 793 2352 essentia
822 2286 987 2352 vitalibus
1011 2286 1176 2350 innititur
1199 2284 1376 2372 potentiis,

237 2424 323 2497 puta
339 2413 564 2501 appetitivae,
582 2413 801 2494 attractivae,
820 2412 1023 2495 retentivae,
1041 2411 1245 2497 digestivae,
1262 2410 1380 2498 expul-

171 2541 214 2606 15
239 2539 333 2605 sivae
352 2546 386 2605 et
403 2538 525 2604 similis
543 2537 777 2624 productivae.
802 2539 897 2603 Haec
916 2537 1032 2602 omnia
1049 2544 1153 2623 atque
1176 2536 1314 2621 singula
1336 2536 1380 2600 ad

239 2663 554 2730 circumferentiam
584 2663 823 2747 quaestionum
849 2670 883 2727 et
910 2662 1201 2748 praedicatorum,
1227 2668 1262 2725 ct
1292 2683 1380 2747 quae

239 2796 498 2875 consequuntur
515 2811 569 2871 ea,
587 2811 650 2875 pro
667 2810 781 2853 rerum
801 2789 899 2875 copia
917 2788 1120 2854 referantur.

666 3056 699 3094 De
715 3061 794 3094 octavo
809 3053 917 3094 subiecto.
934 3055 953 3092 Ι.

327 3241 498 3308 Octavum
528 3240 735 3323 subiectum,
762 3240 854 3326 quod
877 3248 926 3307 est
948 3240 1261 3325 Elementativum,
1294 3263 1382 3306 com·

170 3372 215 3436 20
238 3368 403 3455 plectitur
423 3367 772 3433 Instrumentativum
797 3366 971 3448 naturale,
993 3367 1084 3452 quod
1101 3367 1216 3432 omnia
1240 3368 1379 3449 lustrat,

241 3495 358 3581 tangit
378 3502 412 3559 et
430 3498 600 3580 penetrat.
624 3493 671 3557 Et
701 3492 765 3557 hoc
791 3493 984 3557 subiectum
1011 3492 1245 3559 consideretur
1275 3516 1380 3580 penes

238 3621 422 3686 essentiam
442 3626 477 3683 et
495 3620 606 3704 ipsam
636 3625 883 3703 consequentes
912 3618 1095 3684 {scultetus
1114 3626 1148 3684 et
1178 3627 1284 3685 actus
1306 3621 1381 3685 Hoc

238 3746 316 3811 aliis
340 3745 484 3831 lingitur
515 3744 740 3831 quadruplex,
763 3745 840 3810 aliis
860 3745 1000 3832 drqdex,
1021 3744 1099 3810 aliis
1132 3747 1169 3811 in
1204 3746 1380 3812 infinitum

238 3871 433 3959 midtiplcx,
455 3869 576 3935 melius
593 3878 707 3935 autem
739 3871 1018 3957 intelligentilms
1048 3872 1202 3959 simplex.
1228 3872 1309 3936 'lale
1330 3882 1381 3937 est

169 4010 215 4074 25
239 3997 331 4085 apud
349 3997 515 4080 Lullium,
533 3997 592 4082 qui
609 3997 723 4085 ipsum
744 3999 897 4086 appellat
916 3998 1043 4084 Chaos,
1064 3999 1161 4064 cuius
1177 3999 1382 4086 compositio

331 4274 355 4323 8.
366 4272 382 4320 9
391 4274 470 4337 sorar
481 4271 559 4324 illam
573 4272 753 4337 imaginativi
768 4276 818 4325 illa
830 4277 982 4326 actualiter
1047 4278 1083 4325 10.
1097 4278 1124 4326 11
1138 4278 1183 4327 vcl
1197 4283 1229 4327 ut
1244 4281 1380 4345 composi-

240 4358 315 4416 tum,
328 4355 373 4403 vel
389 4361 422 4404 ut
435 4355 620 4405 informatum
635 4372 684 4405 our.
703 4357 725 4406 (l
791 4359 820 4406 12
837 4357 880 4405 vcl
896 4363 928 4406 ut
945 4356 1104 4407 subiectum
1124 4358 1266 4422 quoddam
1284 4368 1328 4410 est
1343 4362 1379 4411 I’:

240 4437 326 4498 'quae
353 4434 447 4495 rerba,
476 4451 532 4484 cnm
559 4451 635 4485 serien
658 4437 763 4486 cinciae
783 4443 903 4497 careant,
931 4456 944 4487 c
968 4444 1036 4487 terta
1060 4438 1201 4499 ‘flerimus’
1230 4447 1329 4490 auriota
1357 4442 1379 4492 (st

240 4518 272 4569 18
288 4519 427 4582 cstlforrc
439 4519 510 4569 cns?
557 4519 596 4569 ld.
608 4521 637 4569 15
651 4521 675 4584 f.
691 4520 877 4585 productivac
890 4528 919 4570 ot
933 4520 1021 4571 eiua?
1067 4522 1098 4571 16
1115 4522 1339 4575 circunfercutir‘t
1355 4525 1381 4575 Ρ
