3414 5122
322 397 376 455 156
755 410 895 454 mamm
917 410 1017 454 sarm

317 571 445 635 Eadem
475 569 517 634 de
541 568 683 633 caeteris
702 574 753 633 ost
785 568 884 633 ratio.
907 569 911 657 1
933 569 1113 634 Atriorum
1143 569 1280 656 singula
1304 569 1389 635 <luas
1419 577 1453 634 et
1479 569 1587 632 547

317 696 445 781 viginti
458 695 501 760 ad
517 716 689 760 summum
701 693 878 758 habebunt
890 701 1016 780 partes,
1028 716 1173 780 quorum
1187 695 1457 781 unumquodque

318 819 435 885 eodem
464 819 584 884 ordine
611 818 814 883 distributas
838 819 979 884 habebit
1008 819 1116 905 sedes,
1138 820 1321 886 dummodo
1346 821 1459 906 prima

318 945 413 1010 sedes
437 944 616 1027 habeatur,
639 967 659 1009 a
687 966 755 1030 qua
774 943 855 1008 atrii
874 944 1109 1010 denominatio
1128 945 1333 1028 desumitur,
1357 953 1397 1011 ut
1421 945 1458 1010 in

274 1067 295 1130 5
318 1071 406 1135 atrio
419 1069 517 1135 fluvii
536 1069 641 1155 (quod
661 1068 777 1154 signat
788 1070 830 1152 L)
844 1069 956 1154 prima
973 1070 1068 1136 sedes
1085 1077 1138 1135 est
1154 1070 1294 1153 fluvius,
1309 1070 1458 1137 secunda

317 1195 410 1279 fons,
441 1196 544 1261 tertia
572 1195 737 1282 portione,
758 1206 882 1280 quarta
910 1196 1080 1281 pyramis;
1104 1196 1142 1261 iu
1171 1196 1260 1261 atrio
1291 1195 1460 1279 fornaciS,

316 1321 427 1407 prima
462 1321 557 1386 sedes
587 1327 640 1386 est
672 1320 809 1403 fornax,
842 1321 990 1386 secunda
1019 1321 1108 1405 fona,
1142 1322 1248 1387 tertia
1281 1322 1454 1409 portione,

317 1453 444 1531 quarta
460 1446 623 1532 pyramis.
643 1446 698 1511 Ita
718 1446 755 1512 in
774 1446 862 1512 aliis.

405 1571 461 1637 Ibi
479 1594 611 1658 magus,
633 1578 873 1659 pyromantus,
893 1580 1098 1658 geomantus
1118 1578 1152 1637 et
1172 1572 1231 1657 qui
1252 1581 1456 1658 sequuntur,

252 1700 294 1762 10
316 1698 373 1762 vel
401 1696 557 1762 homines
589 1696 645 1761 vel
671 1697 761 1761 atria
789 1698 843 1762 vel
872 1698 1038 1762 atriorum
1071 1697 1198 1762 cubilia
1233 1696 1456 1762 denominare

316 1830 470 1908 possunt.

404 1948 557 2013 Tabulae
577 1948 634 2013 isti
649 1947 909 2013 adcommodata
924 1955 976 2014 est
992 1949 1105 2034 figura
1121 1948 1302 2034 quadrata,
1320 1946 1456 2013 duobus

315 2079 349 2137 et
382 2072 511 2158 viginti
547 2078 707 2138 constans
741 2073 932 2156 ordinibus,
968 2096 1113 2158 quorum
1146 2071 1276 2159 singuli
1310 2070 1457 2137 totidem

313 2197 443 2262 habeut
463 2198 599 2263 cubilia.
620 2198 672 2262 'Pu
700 2196 873 2263 adinstar
892 2197 985 2263 illius
1004 2197 1088 2264 duas
1108 2206 1143 2262 et
1165 2197 1295 2284 viginti
1319 2197 1455 2262 tabulas

249 2321 290 2385 15
314 2322 381 2388 tibi
400 2322 612 2406 substernas,
632 2323 669 2387 iu
689 2345 835 2408 quarum
864 2323 995 2409 catpite
1019 2331 1138 2388 uotam
1156 2324 1259 2389 unius
1279 2321 1454 2405 elementi,
1480 2337 1505 2385 c
1524 2327 1579 2387 4v

315 2450 406 2535 quod
429 2450 622 2536 praesidem
641 2449 829 2536 significat,
848 2471 1015 2536 apponas,
1044 2435 1272 2515 incubilibus
1297 2448 1458 2514 ordinum

315 2575 530 2661 singulorum
559 2574 749 2640 successive
775 2597 836 2661 per
870 2574 1077 2640 diametrum
1104 2575 1148 2639 ab
1177 2575 1304 2660 angulo
1335 2573 1457 2639 dextro

314 2702 484 2788 superiori
505 2701 548 2766 ad
568 2702 747 2767 sinistrum
766 2701 964 2766 inferiorem
991 2701 1132 2767 alterius
1152 2702 1313 2767 elementi
1336 2707 1459 2766 notam

313 2829 495 2911 inscribas,
517 2828 618 2914 quod·
634 2828 677 2894 ad
697 2828 851 2894 ordinem
869 2828 1163 2894 denominandam
1186 2828 1396 2906 instituitur;
1421 2829 1457 2892 in

247 2955 292 3018 20
314 2954 460 3041 siugulis
480 2977 561 3021 vero
587 2954 746 3020 ordinum
766 2955 939 3021 cubitibus
957 2954 1044 3020 illud
1062 2955 1165 3019 tertio
1182 2954 1288 3020 habes
1307 2954 1458 3019 elemen-
1555 2957 1562 2971 “

313 3087 402 3162 tum,
424 3079 516 3164 quod
534 3086 627 3144 recta
646 3101 781 3145 sursum
800 3080 855 3145 vel
875 3079 1044 3162 deorsum,
1064 3081 1121 3145 vel
1145 3079 1183 3143 in
1206 3079 1281 3166 ipsa
1301 3079 1380 3143 sede
1404 3079 1458 3143 in-

314 3207 473 3294 spicitur,
489 3214 528 3297 ut
545 3207 595 3272 ibi
609 3208 664 3273 vel
679 3230 699 3271 a
715 3206 870 3293 praeside
882 3229 943 3292 per
955 3206 1092 3292 singula
1111 3205 1257 3271 duorum
1270 3214 1304 3269 et
1321 3204 1454 3289 viginti

316 3334 483 3400 atriorum
502 3333 546 3398 ad
564 3333 693 3419 viginti
723 3332 807 3398 duas
827 3332 960 3415 domoc,
985 3331 1041 3396 vel
1068 3354 1088 3396 a
1108 3330 1256 3416 singulis
1287 3329 1456 3395 atriorum

314 3483 375 3546 per
393 3459 522 3546 viginti
549 3459 634 3525 duas
654 3459 817 3544 cuiusque
837 3457 955 3522 domos
975 3455 1012 3520 in
1036 3478 1196 3542 campum
1222 3456 1279 3521 vel
1297 3455 1341 3520 ad
1359 3477 1456 3541 prae-

248 3587 290 3651 25
314 3586 421 3651 sidem
442 3584 617 3651 commode
635 3584 698 3649 fiat
718 3584 873 3649 accessio

639 3808 757 3850 Secundae
771 3807 862 3848 tabulae
878 3808 1045 3848 construendae
1061 3813 1137 3859 typus.

314 3963 332 4028 I
528 3962 661 4029 aurifex
886 3960 1003 4025 asinus
1228 3958 1331 4022 hebes

314 4089 350 4154 II
530 4095 644 4153 textor
887 4086 947 4150 bos
1228 4083 1346 4147 tardus

313 4216 368 4279 III
528 4214 713 4300 impressor
886 4211 1008 4297 vulpes
1228 4215 1363 4273 astutus

405 4480 505 4531 23124
521 4481 557 4530 ad
569 4480 609 4531 22.
625 4480 750 4543 domosp
763 4493 813 4544 per
825 4477 866 4527 22.
882 4473 1022 4541 auidaque
1036 4475 1063 4524 P
