3414 5122
246 375 305 432 244
616 416 619 423 -
685 390 823 434 ronunru
845 389 946 434 nnvnr

247 543 356 628 igitur
386 544 533 609 utlibet
562 543 655 608 hisce
686 547 742 629 qui
775 567 809 609 se
828 545 997 609 bonarum
1021 543 1149 607 artium
1179 542 1387 628 professores

247 666 424 751 iactitant,
444 676 585 755 propter
604 669 770 734 sermonis
789 676 840 751 (ut
859 668 969 751 aiunt)
984 668 1183 751 infantiam,
1203 667 1337 731 Lullius
1349 687 1388 730 eo

248 793 386 878 quidem
411 794 717 882 contemptibilior,
742 817 808 881 quo
828 795 933 859 etiam
958 794 1241 876 inaccessibilior;
1262 815 1324 857 nos
1344 791 1388 856 ad

248 942 299 1003 ea,
321 941 408 1005 quae
438 920 502 986 sub
527 920 652 985 Silonis
681 919 828 1007 hispidis
852 920 992 986 meliora
1024 919 1194 984 contineri
1214 918 1391 998 novimus,

203 1037 226 1103 5
248 1043 409 1128 fovenda,
429 1045 644 1111 defendenda
663 1053 697 1111 et
715 1068 778 1133 pro
796 1045 1068 1133 principallibus
1087 1044 1238 1132 ingeniis
1257 1066 1391 1109 conser—
1416 1041 1529 1104 636

248 1170 362 1235 vando
381 1194 451 1237 non
470 1173 622 1258 segniter
649 1173 804 1238 animum
824 1173 1057 1253 advertamus
1090 1171 1320 1254 malirnusque
1339 1169 1393 1232 in-

248 1295 385 1360 terdum
411 1297 508 1362 velut
538 1322 556 1362 e
586 1299 706 1364 matris
730 1307 874 1364 naturae
904 1298 1062 1362 manibus
1094 1296 1135 1360 de
1154 1296 1275 1361 limosa
1299 1303 1392 1359 terra

248 1423 433 1509 probatum
456 1445 579 1489 aurum
598 1425 703 1509 (quod
724 1425 840 1490 nullus
863 1425 932 1489 nisi
956 1430 1071 1488 mente
1096 1431 1218 1509 captus
1243 1428 1393 1487 contem-

248 1548 367 1637 pserit)
381 1549 545 1637 arripere,
559 1573 663 1635 quam
680 1549 724 1615 ad
739 1549 879 1615 floridos
898 1557 971 1615 tam
987 1549 1077 1615 forte
1092 1548 1222 1615 affabre
1238 1548 1390 1613 intextos

184 1679 226 1742 10
248 1678 524 1745 humanistarum
538 1674 705 1762 calathos
722 1678 759 1742 in
776 1677 901 1763 quibus
921 1678 958 1742 in
976 1676 1228 1764 pulverulentis
1245 1697 1392 1762 gymna-

249 1803 308 1870 siis
333 1824 586 1890 puerorumque
613 1803 738 1868 oulinis
765 1801 982 1890 deprompta,
1009 1810 1124 1889 parta,
1146 1801 1390 1884 elaborataquo

248 1936 398 1993 stercora
418 1929 655 2010 continentur,
676 1951 798 1993 manus
822 1926 1003 1993 admovere
1035 1928 1089 1992 vel
1108 1927 1224 1992 oculos
1251 1947 1392 1991 conver-

247 2061 320 2121 tere
338 2054 535 2140 dignemur,
556 2055 677 2120 adulti.

337 2181 481 2246 Interim
501 2202 571 2246 non
590 2180 711 2246 dubito
730 2180 948 2265 diligentiam
967 2190 1122 2246 nostram
1137 2180 1298 2268 pluribus
1318 2202 1389 2245 non

184 2311 225 2374 15
248 2305 337 2372 male
356 2306 532 2393 dispositis
552 2304 706 2371 futuram
724 2305 972 2391 gratissimam,
992 2312 1113 2393 utpote
1129 2329 1217 2391 quw
1237 2329 1256 2369 a
1273 2305 1391 2392 despe-

249 2432 383 2498 ratione
400 2432 480 2498 finis
500 2433 747 2518 oonsequendi,
765 2434 802 2497 in
823 2433 827 2520 Ι
849 2455 950 2518 quem
969 2456 1024 2497 ars
1043 2434 1110 2498 ista
1130 2432 1305 2514 collineat,
1326 2431 1388 2494 eri·
1412 2432 1442 2493 b
1463 2431 1520 2493 ἓν

249 2559 314 2647 pit,
344 2559 448 2644 inque
468 2581 563 2646 spem
594 2559 736 2624 minime
755 2582 880 2624 vanarn
904 2569 1084 2646 promovet
1103 2568 1139 2625 et
1166 2559 1327 2646 perducit
1346 2558 1390 2622 ad

250 2705 400 2770 scopum.
421 2684 492 2749 Neo
520 2684 634 2749 minus
662 2683 704 2748 de
733 2683 863 2749 favoris
886 2685 1141 2771 patrociniique
1172 2684 1282 2750 nostri
1307 2705 1389 2749 cura

250 2832 332 2895 erga
351 2809 550 2875 Lullianum
570 2809 797 2876 adinventum
819 2833 945 2895 aequos
964 2812 1094 2877 iudices
1115 2813 1202 2876 male
1233 2810 1394 2876 definitu-

185 2941 229 3004 20
252 2955 308 2999 ros
326 2933 527 3017 reformido,
560 2943 679 3021 utpote
698 2937 757 3020 qui
781 2936 817 3000 id
836 2944 985 3023 praest0,
1016 2960 1083 3023 quo
1103 2938 1187 3002 mihi
1217 2938 1392 3002 occultum

251 3058 435 3146 aperienti,
456 3060 634 3125 confusam
651 3082 798 3126 massam
814 3061 851 3126 in
871 3063 993 3127 seriem
1010 3072 1139 3129 certam
1155 3062 1392 3145 distribuenti,

252 3191 413 3249 truncum
430 3185 637 3270 perficienti,
656 3209 816 3251 mancum
833 3187 1038 3272 integranti,
1056 3211 1126 3253 non
1142 3188 1256 3253 minus
1276 3187 1394 3251 debea-

253 3316 323 3392 tur,
355 3310 588 3398 quamprimo
619 3311 847 3378 adinventori.
872 3315 928 3378 lta
959 3314 1051 3378 enim
1080 3313 1292 3378 intentiones
1322 3312 1394 3377 eius

253 3434 479 3521 disponimus,
505 3444 632 3503 utnon
651 3438 866 3526 philosophis
886 3439 1099 3524 excultisque
1117 3438 1269 3523 ingeniis
1294 3437 1394 3503 modo

187 3563 230 3627 25
254 3584 272 3625 e
291 3563 446 3649 pomario
465 3563 626 3630 Lolliano
646 3565 781 3631 fructus
795 3566 908 3651 legere
924 3567 1038 3649 liceat,
1057 3565 1116 3631 sed
1131 3565 1396 3650 quibuscunque

254 3690 449 3756 excolendis
469 3700 503 3756 et
527 3692 570 3757 ad
592 3692 908 3781 philosophandum
935 3718 1006 3759 non
1034 3716 1173 3781 prorsus
1192 3693 1336 3779 ineptis,
1357 3699 1397 3757 ut

254 3816 359 3881 iidem
390 3819 670 3905 exporrigantur,
702 3821 879 3905 efficimus,
910 3829 1079 3906 quatenus
1114 3820 1262 3906 quilibet
1296 3818 1396 3883 iuxta

255 3942 388 4029 proprii
404 3966 522 4009 sensus
538 3944 740 4011 facultatem
757 3970 831 4011 eam
844 3946 953 4033 possit
966 3953 1088 4011 nactus
1105 3968 1176 4010 esse
1198 3943 1397 4008 methodum

256 4076 359 4154 atque
376 4068 561 4152 rationem,
578 4094 646 4155 qua
658 4072 701 4136 ad
720 4095 822 4136 unam
839 4072 1019 4137 materiam
1035 4095 1094 4136 seu
1114 4067 1400 4135 considerationis

190 4203 234 4266 30
257 4195 448 4261 subiectum
479 4204 665 4283 conceptus
695 4197 744 4262 ita
775 4220 836 4284 per
864 4198 1041 4263 infinitum
1070 4196 1184 4262 valeat
1216 4194 1401 4259 extendere

347 4438 364 4488 4
380 4438 489 4502 sylonis
505 4439 531 4488 P
592 4440 608 4488 9
623 4439 741 4491 fortiter
754 4438 920 4505 affabreque
935 4438 957 4487 G
1021 4439 1053 4488 25
1070 4438 1198 4505 pomerio
1214 4437 1240 4486 P
