3414 5122
316 381 372 440 172
752 398 892 443 manain
914 397 1016 442 unvai

315 559 405 617 certe
435 556 487 633 (ut
516 575 587 617 esse
617 558 732 639 potest
761 553 911 619 alienum
935 576 996 619 ens
1020 553 1063 618 ab
1095 575 1133 618 eo
1158 552 1250 638 quod
1273 560 1324 618 est
1348 553 1451 638 entis,

313 678 471 743 accidens
501 701 521 742 a
544 678 753 759 substantia,
784 700 886 742 sonus
917 679 960 743 ab
991 699 1030 742 eo
1058 678 1148 763 qnod
1172 682 1323 759 resonat)
1348 677 1459 743 diver·

313 828 388 870 sum
408 815 442 871 et
461 806 564 871 aliud.
589 805 692 870 Haud
716 805 808 870 enim
832 804 923 889 quod
948 805 1084 891 concipi
1109 804 1212 870 debet
1239 804 1281 869 de
1305 805 1454 870 veritate

313 954 441 1014 rerum,
461 932 504 996 ab
523 930 595 996 ulla
618 931 773 997 sensibili
795 931 799 1013 1
820 932 933 1017 specie
957 931 1040 997 satis
1068 931 1214 1018 exprimi
1242 940 1370 1019 potest,
1391 933 1450 999 sed
1474 930 1504 992 d
1525 930 1580 993 5ν

269 1056 289 1118 5
312 1055 421 1121 veluti
440 1079 501 1142 per
520 1063 643 1122 nutum
662 1057 732 1122 suis
752 1056 988 1122 accidentibus
1004 1080 1039 1122 se
1054 1057 1155 1122 nobis
1171 1057 1321 1123 essentia
1338 1080 1454 1124 rerum

312 1181 475 1246 insinuat.
496 1181 693 1266 Eademque
711 1204 773 1247 nos
792 1181 906 1247 verbis
925 1183 1053 1248 nostris
1071 1182 1183 1248 adhuc
1203 1182 1353 1269 amplius
1374 1181 1455 1248 defi-

313 1307 499 1389 cientibuS,
528 1307 638 1373 veluti
668 1330 730 1394 per
759 1315 859 1372 notas
889 1316 924 1372 et
954 1308 1054 1394 signa
1084 1308 1253 1393 quaedam
1276 1308 1455 1374 nonsatis

311 1432 545 1520 exprimimus,
576 1432 651 1510 Qua
671 1433 712 1497 de
739 1455 775 1497 re
788 1485 790 1490 .
805 1433 1045 1518 Pythagorici,
1065 1434 1165 1499 Plato
1185 1441 1220 1498 et
1239 1434 1300 1519 qui
1320 1435 1456 1519 negati·
1484 1502 1487 1508 ,

312 1540 390 1623 iiam
414 1558 627 1624 meditantur
651 1557 878 1640 theologiam,
903 1582 1038 1624 ornnem
1068 1559 1254 1625 dictionem
1285 1584 1305 1625 a
1334 1559 1455 1626 divina

247 1693 288 1756 10
310 1683 567 1769 praedieatione
586 1683 934 1768 denoininationeque
953 1684 1160 1771 abigendam
1177 1685 1396 1771 existimant,
1418 1695 1457 1752 ut

311 1809 480 1896 quidquid
497 1809 614 1891 (etiam
630 1809 786 1895 perfecti)
804 1810 845 1874 de
862 1833 975 1876 rerum
993 1812 1152 1898 principe
1168 1812 1236 1877 dici
1253 1819 1287 1877 et
1307 1812 1457 1897 cogitari

310 1941 438 2022 potest,
459 1934 550 2000 idem
569 1957 630 2022 per
653 1935 835 2001 adcursnm
859 1936 903 2001 ad
934 1937 1241 2003 eminentissimam
1270 1937 1457 2023 inattingi-

309 2059 483 2146 bilemque
501 2061 670 2126 rationem
691 2063 829 2150 proprie
848 2063 953 2128 etiarn
974 2062 1093 2147 negari
1117 2063 1249 2128 (lebeat.

517 2346 581 2410 DE
616 2343 917 2421 QVINTVPLICI
949 2343 1008 2407 ΕΤ
1044 2342 1250 2409 SIMPLIGI

245 2472 286 2535 15
592 2468 966 2535 PROGRESSIONIS
1002 2469 1177 2533 GRADV.

684 2676 718 2713 Do
734 2675 807 2724 primo
822 2674 988 2726 progressionis
1002 2675 1084 2725 gradu.

399 2855 451 2916 31.
475 2852 531 2918 Ad
553 2852 637 2917 haec
662 2850 910 2936 quatruplioem
937 2851 1170 2936 potentiarum
1199 2852 1449 2936 cognoscitiva-

310 3001 387 3044 rum
406 2999 625 3064 progressum
645 2977 695 3042 ita
714 2976 870 3061 regulare
888 2975 1066 3058 debentis,
1087 2984 1126 3042 ut
1145 3000 1165 3041 a
1184 2999 1298 3061 sensu,
1318 2979 1378 3062 qui
1395 2988 1448 3042 est

311 3107 401 3170 circa
420 3126 575 3190 corpora,
596 3102 640 3168 ad
658 3103 894 3190 phantasiam,
915 3124 1002 3186 quae
1021 3102 1110 3167 circa
1130 3124 1312 3188 corporum
1344 3104 1451 3168 simu·

244 3245 289 3309 20
311 3230 403 3295 lacre
422 3235 593 3313 versatim,
614 3229 657 3293 ab
676 3227 740 3292 hac
757 3227 801 3292 ad
816 3227 1114 3313 imaginationem,
1134 3250 1221 3313 qnae
1240 3229 1331 3294 circa
1350 3229 1454 3294 simu·

311 3356 483 3421 laororum
501 3354 660 3420 consistit
678 3353 901 3436 intentiones,
921 3361 956 3417 et
974 3353 1054 3417 inde
1073 3353 1117 3417 ad
1135 3352 1367 3434 intellectum,
1392 3354 1452 3438 qui

313 3481 402 3546 circa
432 3480 648 3566 singularum
675 3479 910 3544 intentionum
944 3486 1085 3545 naturas
1117 3502 1278 3545 comunes
1309 3480 1453 3544 medita-

310 3612 386 3688 tur,
406 3605 612 3670 sinceriore
632 3605 909 3670 conscendamus.
931 3605 972 3669 In
991 3605 1034 3669 iis
1053 3628 1172 3670 sensus
1192 3604 1350 3670 infimum
1370 3605 1457 3670 obti-

310 3741 371 3798 net
390 3731 600 3817 cognitionis
618 3730 766 3818 gradum
782 3730 950 3795 eiusmodi
966 3753 1178 3817 progressus,
1196 3731 1277 3816 quia
1293 3730 1363 3796 alia
1377 3737 1454 3795 tan·

245 3868 288 3932 25
312 3864 388 3923 tum
406 3857 610 3944 attingendo
629 3857 790 3937 efficitur,
809 3855 955 3942 ideoque
966 3862 1079 3922 rectae
1094 3856 1206 3922 lineae
1223 3864 1455 3943 comparatur,

313 3983 508 4049 intellectus
539 3990 655 4048 autem
684 3982 824 4063 circulo,
856 3982 996 4047 omnino
1027 3983 1120 4047 enim
1150 4003 1212 4046 sua
1246 3990 1280 4047 et
1311 3982 1402 4047 cirea
1422 4007 1457 4046 se

313 4109 426 4197 ipsum
456 4108 721 4195 contemplando
752 4116 924 4195 operatur.
956 4107 1061 4172 Ratio
1084 4110 1183 4173 vetro
1213 4105 1327 4172 media
1351 4106 1456 4172 habet
1480 4114 1511 4176 d
1531 4113 1583 4178 6¹·

320 4288 417 4296 ----—-.
427 4290 484 4296 .-
519 4289 576 4295 ...--
586 4289 615 4293 ...-
639 4290 642 4294 ,
696 4288 722 4292 ....
807 4289 810 4293 .
887 4288 986 4293 -—-.-
999 4288 1226 4296 -.——.-—--—-..
1238 4291 1253 4296 -
1267 4291 1279 4295 ..
1294 4289 1450 4296 *-

405 4365 436 4415 16
448 4360 675 4428 progessionisP
739 4361 829 4411 17022
839 4361 1056 4427 quadruplicem
1070 4378 1082 4410 e
1096 4363 1294 4414 communesG
1358 4363 1389 4412 25
1401 4362 1457 4412 effi·

312 4443 389 4496 citur
404 4444 428 4493 G
