3414 5122
533 473 694 519 uniusne.
715 472 750 520 ru
769 472 929 519 rarorum
950 472 1107 518 smirnos.
1353 457 1391 517 77

254 631 343 699 diesi
362 632 528 720 diligunt,
546 638 582 697 et
598 631 653 698 cui
671 632 840 698 nobiliora
858 631 1031 719 plaudunt
1050 631 1206 717 ingenia,
1223 631 1394 697 excellen-

254 757 389 824 tissimo
410 757 669 844 clarissimoque
683 756 888 824 Oxoniensis
900 756 1094 824 academiae
1110 757 1393 844 procancellariO,

253 906 324 950 una
342 905 420 950 cum
438 883 633 971 praecipuis
663 882 815 950 eiusdem
841 883 1092 967 universitatis,
1123 883 1270 949 salutem
1289 882 1397 970 pluri-

254 1032 345 1077 mam
365 1009 459 1077 dicit.

209 1265 230 1330 5
343 1261 488 1345 Extant,
522 1261 813 1350 praestantissimi
847 1261 992 1346 domiui,
1017 1262 1179 1350 quicum
1212 1261 1296 1327 satis
1321 1282 1397 1348 per·

253 1393 409 1475 spectum
427 1386 592 1472 habeant,
613 1386 705 1473 quod
724 1394 759 1452 et
788 1409 851 1453 uos
882 1409 952 1453 non
982 1410 1163 1474 negamus,
1188 1386 1395 1474 sapientiam

252 1511 355 1578 huius
370 1512 491 1578 mundi
507 1511 694 1578 stultitiam
707 1534 779 1578 esse
791 1510 884 1598 apud
896 1513 1021 1597 Deum,
1035 1512 1265 1600 speculativas
1278 1533 1396 1577 omues

253 1636 455 1725 disciplinas
473 1637 710 1721 abhorrentes,
731 1637 819 1704 nihil
838 1638 989 1703 student.
1009 1636 1096 1703 Cum
1116 1637 1200 1704 satis
1219 1645 1395 1724 receptum

253 1762 299 1828 sit
316 1764 408 1850 apud
426 1762 563 1830 eosdem
586 1785 690 1851 opera
713 1762 868 1829 iustitiae
897 1770 1036 1829 nostrae
1065 1785 1137 1828 esse
1167 1761 1278 1827 veluti
1306 1784 1398 1826 meu-

187 1899 231 1964 10
253 1895 398 1974 structa,
419 1896 454 1956 et
471 1914 534 1979 per
552 1891 614 1957 illa
632 1891 806 1956 nemiuem
837 1911 951 1957 coram
979 1892 1053 1957 Deo
1082 1889 1276 1972 iustificari,
1304 1888 1394 1954 nihil

255 2013 338 2080 boni
353 2014 497 2082 faciunt.
517 2017 653 2082 Interea
672 2022 790 2082 tamen
807 2039 851 2081 ne
869 2016 1018 2104 improbi
1042 2024 1076 2081 et
1106 2016 1308 2102 ignorantes
1338 2014 1396 2080 ha·

252 2140 412 2226 beantur,
431 2150 573 2231 repente
592 2143 665 2207 sine
685 2142 798 2208 studio
822 2141 915 2207 docti
943 2141 1157 2225 efficiuntur,
1183 2140 1281 2207 iuxta
1307 2139 1394 2205 illud

250 2264 490 2333 ''Abscondisti
506 2266 590 2334 haec
606 2290 626 2333 a
642 2267 857 2355 sapientibus
873 2275 907 2334 et
922 2266 1162 2354 prudentibus,
1183 2272 1218 2332 et
1233 2265 1395 2331 revelasti

252 2413 292 2457 ea
309 2392 488 2478 parvulis'
508 2395 597 2459 Item
621 2393 695 2458 siue
718 2393 868 2481 propriis
891 2392 991 2459 bonis
1015 2392 1169 2474 aetitbus
1192 2390 1294 2480 probi
1318 2389 1392 2457 red·
1417 2389 1513 2451 Μ’

186 2528 228 2594 15
251 2515 396 2601 duntur,
413 2517 510 2584 iuxta
528 2518 617 2585 illud
634 2517 703 2585 'Tu
720 2543 754 2584 es
770 2518 905 2584 iustitia
920 2541 1004 2602 mea,
1025 2516 1232 2585 oDomiue.’
1250 2515 1395 2583 Faciuo·

251 2640 380 2707 rissimi
400 2665 536 2728 quoque
551 2643 589 2708 in
608 2651 757 2728 sanctos,
788 2644 934 2709 mundos
961 2649 1066 2729 atque
1095 2665 1199 2730 puros
1228 2640 1394 2708 transfor·

252 2773 404 2852 mantur,
424 2766 522 2834 iuxta
540 2767 626 2834 illud
644 2768 806 2834 ‘Candidi
825 2767 910 2834 facti
929 2776 1010 2834 sunt
1034 2768 1071 2832 in
1096 2768 1265 2853 sanguine
1286 2765 1393 2850 agni?

254 2890 361 2958 Stulti
380 2893 533 2978 taudem,
554 2893 798 2980 ignobilissimi
822 2902 857 2960 et
880 2893 1025 2960 infames
1046 2893 1181 2960 nullum
1206 2892 1273 2958 sibi
1296 2914 1395 2979 prae·

253 3017 369 3085 fenrnt
388 3019 582 3085 nobilitatis
601 3042 723 3106 genus,
743 3021 841 3085 iuxta
860 3018 946 3089 illud
964 3018 1050 3086 ‘Vos
1074 3019 1157 3086 estis
1186 3041 1296 3104 genus
1326 3018 1392 3084 Dei

186 3151 231 3216 20
253 3143 399 3210 electum
414 3151 448 3210 et
464 3143 579 3231 regale
597 3144 850 3211 sacerdotium.²
864 3144 964 3211 Tales
981 3167 1062 3210 saue
1083 3144 1259 3232 parvulos,
1277 3143 1395 3227 iustos,

252 3290 369 3356 puros,
390 3268 565 3351 candidOS,
585 3268 722 3353 electOS,
742 3292 853 3356 reges,
873 3268 1067 3336 sacerdotes
1082 3277 1116 3335 et
1136 3267 1318 3351 semideae,
1335 3267 1396 3353 qui

252 3400 408 3460 nostram
427 3393 686 3481 simplicitatem
705 3394 749 3460 ad
772 3394 880 3459 animi
904 3402 1060 3460 centrum
1085 3416 1193 3478 usque
1210 3391 1396 3459 confodere

251 3518 421 3603 valerent,
441 3520 552 3606 magis
572 3518 647 3606 ipsa
674 3525 783 3585 morte
815 3518 976 3602 formid05
1005 3517 1081 3584 ideo
1111 3541 1154 3583 ne
1186 3516 1394 3583 eiuscemodi

253 3667 362 3732 genus
381 3644 497 3731 aliquo
514 3644 551 3709 in
567 3667 621 3711 me
637 3666 746 3731 aequo
761 3650 795 3709 et
810 3644 884 3709 iure
899 3643 1157 3730 congrediatur,
1173 3642 1261 3709 illud
1279 3664 1394 3708 coram

186 3775 230 3840 25
253 3769 456 3835 excellentia
474 3776 590 3836 vestra
607 3776 793 3857 protestor,
814 3768 905 3855 quod
924 3769 1006 3835 dum
1026 3767 1313 3834 adinventionum
1333 3789 1394 3832 uo·

254 3901 402 3961 strarum
414 3894 548 3960 fmoms
559 3894 764 3977 adferentes,
777 3894 944 3960 utillimae
958 3892 1117 3959 omnibus
1128 3892 1236 3958 animi
1246 3891 1396 3957 functio-

254 4020 356 4086 nibus
375 4020 634 4107 praeceptiones
653 4019 871 4103 adducimus,
891 4019 952 4084 ubi
972 4040 1035 4105 pro
1055 4018 1242 4084 earundem
1261 4015 1395 4082 ratione

254 4152 358 4232 atque
369 4145 471 4233 praxi
481 4144 711 4234 comparanda
724 4145 767 4210 ad
778 4145 1004 4232 Pythagorae,
1018 4143 1243 4226 Parmenidis,
1258 4142 1396 4208 Anaxa·

346 4446 560 4499 tachademiae
606 4448 863 4514 5prestantissimi
913 4451 941 4500 11
959 4447 1065 4500 Interae
1113 4449 1144 4499 19
1165 4448 1234 4499 iuxa
1280 4448 1312 4498 26
1328 4443 1394 4499 util-

254 4523 347 4596 limas]
361 4527 397 4591 cs.
410 4543 462 4593 per
474 4543 509 4578 er.
519 4545 556 4593 p.
566 4528 612 4589 34,
628 4529 660 4579 21
671 4533 717 4581 etc.
