3414 5122
552 455 713 500 Aulunnv.
735 456 768 500 ΙΝ
791 452 973 499 Laurauuu
996 454 1086 498 LVLL.

449 751 546 796 01qu
569 751 728 804 QVAR'I'VM
753 751 793 795 ΕΤ
815 751 967 803 Qvlurvn
992 750 1192 795 onrmvnvu.

337 977 407 1045 Ubi
428 1001 499 1043 sess
519 977 635 1043 omnia
654 984 736 1042 sunt
755 977 943 1063 explicata,
974 977 1061 1043 illud
1080 986 1132 1043 est
1155 977 1389 1063 retinendum,

249 1104 341 1190 quod
360 1105 440 1170 lioet
459 1105 576 1170 omnia
595 1105 764 1187 dicibilia,
780 1106 1057 1189 considerabilia,
1077 1113 1183 1193 prout
1202 1106 1391 1172 subiiciun-

249 1237 306 1296 tur
336 1231 623 1296 demonstrationi
655 1239 688 1295 et
723 1231 1008 1313 considerationi,
1044 1239 1126 1296 sunt
1156 1231 1327 1316 subiecta,
1358 1239 1393 1298 et

205 1362 226 1425 b
249 1356 365 1422 omnia
381 1379 450 1422 una
464 1365 499 1421 et
515 1356 583 1421 alia
599 1356 734 1422 ratione
750 1364 896 1444 possunt
912 1379 984 1422 esse
997 1357 1207 1443 praedicata,
1229 1365 1268 1421 ut
1287 1357 1394 1445 expli-

250 1491 347 1549 catur
377 1483 414 1546 in
442 1491 559 1565 textu,
581 1486 585 1565 t
611 1490 693 1547 sunt
720 1488 838 1547 tamen
867 1482 1036 1568 quaedam
1066 1492 1279 1567 enumerata,
1305 1505 1393 1568 quae
1420 1485 1508 1547 602

251 1609 304 1674 sui
324 1631 365 1672 ex
385 1614 509 1672 natura
532 1608 644 1692 magis
664 1607 827 1689 subiecti,
859 1607 1029 1692 quaedam
1058 1615 1173 1673 autern
1202 1607 1393 1694 praedicati

251 1744 412 1801 naturam
447 1733 615 1816 subeunt,
650 1734 688 1798 in
719 1783 784 1798 .....
815 1740 850 1797 et
884 1733 928 1798 ad
966 1733 1212 1798 insinuandam
1247 1734 1395 1799 formam

250 1862 335 1926 artis
355 1867 490 1947 oportet
522 1858 658 1924 definiri
677 1867 711 1923 et
742 1858 785 1924 ad
803 1858 982 1945 propriam
1002 1859 1150 1924 orbitarn
1179 1859 1300 1924 referri
1319 1859 1395 1924 uni-

187 1994 228 2056 10
254 2009 358 2052 versa.
379 1987 454 2051 Iam
479 1985 559 2070 quia
578 2008 641 2072 pro
669 2008 733 2051 usu
751 1985 944 2072 praesentis
975 1985 1060 2050 artis
1079 1984 1163 2050 liaeo
1191 2008 1261 2051 non
1285 1986 1395 2051 solum

251 2111 378 2177 debent
396 2112 561 2176 memoria
579 2110 705 2191 teneri,
726 2110 784 2175 sed
803 2109 855 2174 illi
875 2110 978 2175 etiam
1000 2109 1234 2195 promtissima
1254 2133 1339 2192 esse,
1356 2117 1396 2175 ut

251 2237 484 2324 promtissima
503 2236 717 2301 desideratur
741 2236 784 2301 ab
806 2258 859 2318 ee,
880 2235 940 2321 qui
960 2243 1070 2300 artem
1086 2243 1235 2319 exercet,
1255 2257 1398 2322 ooneep-

251 2362 386 2428 tionum
405 2371 440 2427 et
470 2361 811 2448 argumentationum
836 2361 1010 2443 executi03
1042 2360 1118 2426 ideo
1138 2362 1278 2426 brevem
1308 2360 1397 2426 hano

252 2489 421 2554 rationem
442 2488 671 2570 instituimus,
697 2511 764 2572 qua
784 2490 930 2574 quisque
953 2488 1186 2574 promtissime
1205 2488 1398 2574 perquisita

188 2629 228 2691 15
254 2615 432 2700 concipere
451 2615 577 2700 possit,
601 2616 682 2700 qiiia
701 2622 836 2702 promte
865 2620 1001 2702 oportet
1025 2614 1150 2678 habere
1175 2605 1397 2700 alphabetum

254 2747 288 2804 et
308 2761 431 2805 novem
450 2739 728 2826 praedicatorum
761 2740 1010 2822 absolutorum,
1041 2738 1320 2825 praedicatorum
1348 2761 1398 2804 re·

254 2865 485 2952 speotivorum
505 2872 634 2948 rotam,
654 2870 687 2928 et
704 2872 817 2930 rotam
837 2865 1078 2950 quaestionum
1098 2886 1186 2948 quae
1212 2871 1293 2929 sunt
1317 2886 1400 2949 qua-

254 2999 334 3057 tuor
352 3013 509 3069 numero,
530 3012 677 3075 quarum
708 2990 866 3076 singulae
885 3012 1010 3055 novem
1041 2994 1202 3055 constant
1226 2987 1397 3071 terminis,

254 3139 315 3202 per
335 3115 469 3180 easdem
498 3138 622 3180 novem
651 3115 771 3180 literas
790 3114 1004 3201 significatis.
1030 3115 1146 3199 Eliget
1175 3113 1225 3179 ibi
1250 3120 1399 3199 quatuor

189 3251 233 3314 20
256 3240 435 3307 hominum
466 3264 604 3326 genera,
635 3248 675 3305 ut
702 3241 830 3305 habeas
859 3263 956 3305 senes
987 3262 1112 3305 novem
1140 3246 1253 3321 natea,
1274 3260 1397 3303 novem

257 3372 356 3430 notos
372 3387 511 3450 puemS,
532 3387 656 3429 novem
680 3373 781 3430 notas
808 3364 966 3446 ancillas,
987 3386 1111 3429 novem
1132 3372 1215 3428 nota
1235 3362 1400 3427 animalia

255 3491 311 3554 rel
339 3489 426 3554 alius
445 3489 581 3575 generis
600 3489 772 3574 homines,
795 3489 922 3556 amieos
942 3497 1004 3554 eto.
1030 3489 1076 3554 Et
1094 3489 1236 3552 nomina
1261 3486 1400 3552 illorum

257 3616 328 3681 sint
346 3616 402 3681 vel
424 3615 599 3700 fingantur
618 3616 703 3682 talia
723 3616 839 3701 qualia
856 3615 985 3680 habent
1000 3637 1062 3702 per
1077 3614 1230 3678 ordinem
1252 3612 1401 3698 primam

258 3741 395 3805 literam
411 3740 677 3826 respondentem
690 3741 836 3826 singulis
848 3740 992 3806 istorum
1006 3761 1130 3804 novem
1143 3738 1400 3819 elementorum,

192 3876 235 3938 25
258 3872 380 3952 utpote
411 3865 537 3930 habeas
566 3889 627 3952 per
645 3865 675 3929 B
694 3865 906 3947 Barnabam,
937 3887 999 3951 per
1018 3863 1044 3928 O
1065 3863 1258 3944 Caesarem,
1288 3884 1350 3947 per
1369 3861 1400 3924 D

259 3993 409 4075 Davum,
429 4014 491 4079 per
510 3994 539 4056 E
558 3993 770 4079 Eugenium,
789 3993 894 4079 perF
914 3991 1076 4072 Fabium,
1097 4013 1158 4076 per
1177 3989 1208 4052 G
1229 3986 1403 4052 Guielhel·

259 4141 365 4202 naum,
383 4140 445 4204 per
460 4119 496 4182 H
514 4119 745 4201 Honoratum,
762 4141 823 4204 per
838 4117 855 4181 I
875 4117 1078 4198 Iohannem,
1094 4138 1155 4202 per
1172 4115 1206 4177 K
1223 4112 1402 4177 Karolum.

952 4306 1331 4314 Δ...--------------
1344 4304 1394 4311 —.-

262 4309 950 4322 θαμὰ-ᾕ-

350 4430 453 4482 2oa'cd
521 4429 623 4493 latopo
644 4428 800 4495 praedicati
820 4426 1043 4506 canceltomtA
1107 4387 1401 4482 Sinastadelml

258 4514 275 4564 l)
291 4513 352 4563 orbi
369 4530 385 4560 a
400 4530 416 4560 a
427 4512 460 4560 ΑΙ
528 4512 557 4561 15
574 4509 777 4576 alphabothum
793 4510 813 4557 Α
879 4510 908 4557 21
927 4508 1020 4558 aliaA
