3414 5122
316 387 356 443 60
755 402 895 446 rosolus
917 402 1017 446 sauri

313 556 432 643 Ipsum
452 558 545 622 enim
563 557 570 573 ‘
586 556 767 643 quomode,
789 556 902 642 quale,
927 556 1027 642 quid'
1049 565 1110 622 etc.
1136 557 1335 622 examinant
1354 556 1449 622 diffe-

313 682 443 747 rentias
462 682 553 748 inter
581 683 742 769 logicalia
762 689 796 747 et
824 682 1121 769 metaphysicalia,
1142 690 1176 748 et
1204 682 1394 747 decernunt
1414 683 1450 746 in

313 807 356 873 iis
389 831 476 893 quae
505 832 607 896 supra
632 832 691 874 ens
715 810 805 874 reale
828 816 862 873 et
891 809 1037 874 rationis
1057 809 1160 896 (quod
1190 811 1380 897 appellant)
1401 833 1452 875 se·

313 933 462 999 cundum
482 956 617 999 omnem
637 934 775 1000 modum
795 935 1012 1000 attolluntur.
1030 934 1199 1000 Similiter
1215 942 1249 1001 et
1265 935 1340 1023 ipsa
1356 959 1453 1023 prae-

267 1050 288 1113 5
311 1056 425 1124 dicata
446 1059 616 1141 absoluta,
636 1059 841 1146 respectiva,
860 1060 945 1125 item
974 1066 1009 1124 et
1026 1060 1116 1126 ratio
1141 1061 1451 1143 combinationum,

311 1207 399 1270 quae
417 1207 479 1271 per
501 1185 577 1272 ipsa
605 1186 873 1251 constituuntur.
895 1185 995 1262 Quod
1018 1185 1158 1271 quidem
1189 1185 1271 1251 licet
1294 1186 1451 1273 superius

310 1309 416 1375 fuerit
435 1310 642 1395 indicatum,
672 1311 715 1376 ob
734 1311 771 1376 id
799 1320 929 1394 tamen,
952 1310 1033 1396 quia
1065 1311 1149 1395 quid
1169 1334 1336 1398 magnum
1367 1312 1451 1377 haec

310 1436 539 1503 consideratio
562 1460 644 1524 prae
668 1460 702 1503 se
732 1436 822 1502 ferre
842 1437 993 1519 videtur,
1013 1438 1140 1502 iterum
1160 1446 1264 1524 atque
1285 1444 1289 1525 ι
1310 1438 1450 1522 iterum,
1476 1441 1566 1504 40r

263 1632 269 1645 ⁴
309 1564 370 1630 ubi
390 1565 571 1650 obtigerit,
592 1563 797 1629 retentanda
817 1573 984 1630 censetur.

243 1811 286 1874 10
399 1815 561 1894 Quaestio
581 1814 587 1828 '
602 1814 689 1880 Cum
707 1815 793 1900 quo'
810 1814 977 1880 dilatatur
993 1837 1053 1900 per
1069 1813 1201 1895 omnia,
1219 1836 1305 1900 quae
1321 1814 1450 1880 habent

307 1942 477 2007 rationem
497 1941 614 2024 medii,
636 1940 740 2027 signi,
760 1938 999 2022 instrumenti,
1021 1938 1256 2004 concurrentis
1276 1949 1311 2006 ot
1330 1961 1450 2004 conco-

307 2067 478 2149 mitantis,
496 2066 587 2132 idem
604 2065 778 2150 facientis,
793 2065 1022 2146 admittentis,
1036 2072 1070 2129 et
1083 2063 1248 2130 dilatatur
1268 2088 1329 2151 per
1348 2088 1449 2131 omne

307 2193 344 2257 in
368 2192 459 2279 quod
483 2192 713 2276 transmittat,
737 2214 757 2256 a
781 2212 848 2276 quo
873 2189 1041 2271 inmittat,
1062 2213 1200 2275 unaque
1230 2191 1448 2256 transmittat

306 2325 341 2382 et
361 2340 429 2383 una
447 2318 629 2398 immittat,
650 2316 733 2382 adeo
760 2322 800 2382 ut
821 2315 907 2380 nihil
927 2315 1138 2400 quaestionis
1157 2315 1259 2381 huius
1279 2316 1390 2381 lucem
1411 2323 1445 2380 et

242 2442 283 2505 15
307 2442 552 2509 colorationem
570 2442 726 2528 effugiat.

532 2721 725 2768 Quemadmodum
740 2732 818 2762 omnes
833 2723 1016 2772 quaestiuncula
1031 2723 1221 2772 praedicamentis

389 2792 438 2840 plus
453 2802 520 2842 quern
535 2793 776 2842 praedicarncntaliter
789 2794 861 2843 logice
876 2797 899 2833 et
914 2795 1067 2845 metaphysica
1082 2796 1193 2845 acceptis,
1210 2795 1368 2843 includantur,

733 2870 755 2905 et
769 2877 781 2904 e
796 2869 884 2906 contro.
901 2864 957 2916 Cep.
969 2866 1021 2906 VH.

393 3071 566 3157 Archytas
586 3071 795 3138 Tarentinus
815 3076 849 3134 et
868 3069 1017 3157 Gorgias
1040 3071 1232 3137 Leontinus
1252 3079 1287 3136 et
1306 3071 1367 3137 alii
1386 3072 1442 3137 do-

238 3203 282 3268 20
304 3197 402 3263 nario
426 3219 557 3280 eorum,
578 3218 664 3283 quae
687 3194 967 3282 praedicamenta
996 3195 1228 3284 appellantur,
1248 3197 1442 3283 proposit0,

304 3323 413 3389 nihilo
432 3321 787 3409 minoraetpauciore
801 3342 1008 3408 proposuere
1028 3344 1130 3407 quam
1151 3322 1155 3410 t
1177 3320 1321 3389 Lullius.
1343 3323 1443 3400 Quod
1472 3334 1569 3398 281

305 3448 443 3534 quidem
470 3448 553 3513 hinc
577 3455 611 3514 te
636 3447 804 3514 coniicere
823 3447 915 3531 vo10,
937 3446 1028 3533 quod
1048 3447 1206 3533 quaestio
1225 3447 1389 3515 ‘Utrum’
1410 3456 1444 3514 et

304 3575 459 3662 quaestio
478 3574 617 3659 huid,
641 3598 727 3661 quae
753 3574 982 3641 communiter
1010 3574 1230 3662 appellantur
1249 3575 1300 3643 ‘si
1320 3579 1390 3643 est’
1411 3587 1445 3643 et

303 3700 407 3787 ‘quid
425 3701 504 3786 est’,
524 3724 593 3783 una
624 3723 701 3767 cum
721 3700 922 3786 quaestione
940 3699 1108 3787 ‘Propter
1127 3701 1229 3786 quid’
1260 3702 1341 3785 (nisi
1360 3704 1445 3769 velis

237 3836 281 3900 25
304 3837 338 3893 et
356 3828 446 3894 hanc
463 3828 507 3894 ad
526 3828 611 3893 duas
629 3826 706 3893 illes
726 3826 900 3910 reducere)
918 3826 1111 3914 applicatae
1128 3828 1244 3894 decem
1262 3831 1445 3916 categoriis

302 3954 406 4020 latius
420 3953 581 4041 acceptia
604 3956 608 4038 Ι
630 3975 746 4018 omnes
761 3953 827 4019 tibi
843 3951 983 4018 reddere
998 3961 1143 4040 possunt
1160 3956 1444 4023 considerationis
1469 3969 1561 4032 40⁸*

303 4079 476 4161 materies,
502 4078 699 4163 indagando
724 4078 809 4163 quid
832 4086 883 4143 est
906 4099 960 4144 res
983 4078 1172 4144 secundum
1196 4080 1445 4164 substantiam,

304 4213 1440 4239 ————-—-——l——-—-—-———.-——.

394 4301 410 4350 2
427 4299 673 4367 methaphisicalia
691 4299 717 4349 P
778 4298 957 4350 sustollitur
980 4299 1004 4348 P
1067 4300 1098 4350 13
1113 4301 1144 4350 in
1164 4300 1262 4350 mittat
1280 4299 1320 4350 P:
1342 4300 1446 4350 immit

301 4381 382 4432 tato
458 4383 488 4432 17
506 4378 691 4447 metaphisioh
709 4381 734 4431 P
811 4381 839 4430 io
856 4382 997 4431 Aacmrss
1016 4379 1042 4429 P
1122 4380 1154 4432 20
1172 4381 1401 4447 ptaedicamonta
1420 4381 1446 4431 P

299 4464 331 4513 ¹25
348 4462 522 4525 cathegoriis
535 4461 561 4511 P
