3414 5122
663 406 809 453 emimus
830 407 1040 454 sramuoavu.
1359 395 1416 456 197

271 557 450 645 imagines.
466 559 571 627 Velut
590 563 683 628 enim
701 562 739 628 in
757 564 911 651 speculo·
925 586 980 651 ea,
1000 587 1087 651 quae
1105 572 1187 632 sunt
1216 566 1254 632 in
1284 567 1413 634 mundo

271 686 502 773 intelligibili,
521 690 717 775 praesentia
735 691 827 757 fiunt
847 691 887 757 in
904 691 1031 758 mundo
1058 692 1224 759 sensibili.
1244 694 1312 760 Hic
1330 700 1415 760 sunt

272 813 310 879 in
328 820 436 900 motu,
456 812 494 879 in
512 814 693 898 varietate;
713 816 764 883 ibi
782 839 863 885 vero
881 817 920 883 in
936 825 1104 906 perpetua
1121 819 1308 908 stabilique
1327 844 1415 908 qua-

271 938 351 1006 dam
369 939 503 1007 rationo
523 941 726 1009 consistunt.

227 1075 247 1138 5
359 1067 525 1134 Mathesis
544 1068 669 1135 docens
688 1069 887 1136 abstrahere
906 1069 1103 1154 amatoria,
1123 1092 1144 1137 a
1162 1078 1259 1138 motu
1278 1078 1415 1139 ettem·
1438 1078 1529 1141 1’4v
1570 1126 1574 1134 .

271 1216 368 1282 pore,
389 1194 502 1261 reddit
521 1217 583 1263 nos
600 1195 832 1263 intellectivos
856 1204 891 1264 et
914 1197 1106 1285 specierum
1135 1197 1415 1285 intelligibilium

272 1323 567 1410 contemplativos,
586 1324 736 1412 Ideoque
754 1326 987 1412 Pythagorae,
1006 1327 1109 1393 Plato
1139 1332 1174 1392 et
1202 1349 1335 1410 omnes,
1356 1326 1416 1414 qui

271 1471 325 1516 res
343 1447 532 1537 profundas
551 1455 655 1535 atque
674 1450 830 1516 difficiles
849 1451 950 1518 nobis
973 1457 1055 1518 sunt
1077 1451 1255 1518 insinuare
1284 1451 1417 1535 conati,

271 1576 349 1642 aliis
368 1598 472 1663 quam
491 1577 746 1644 mathematicis
765 1576 887 1644 mediis
905 1599 976 1644 non
999 1599 1154 1663 unquam
1177 1578 1231 1644 usi
1255 1584 1345 1643 sunt.
1370 1578 1417 1644 Et

208 1708 249 1772 10
271 1701 345 1789 ipse
364 1702 685 1770 mathematicorum
704 1703 884 1789 inimicus,
905 1702 1039 1789 logicus
1073 1701 1184 1790 magis
1213 1702 1418 1769 Aristoteles

272 1828 345 1913 (qui
363 1828 441 1915 plus
460 1829 636 1916 arguendo
655 1851 759 1915 quam
777 1851 863 1915 argu
870 1827 1070 1911 [mentando
1088 1827 1215 1912 valet),
1235 1826 1317 1894 dum
1340 1849 1417 1914 pro·
1442 1824 1550 1889 584

270 1952 432 2021 fundiora
460 1960 604 2020 naturae
633 1954 805 2042 explicare
834 1955 1017 2037 niteretur,
1048 1952 1183 2038 quoties
1212 1952 1416 2019 necessitate

272 2085 409 2145 coactus
429 2079 473 2145 ad
491 2079 672 2167 repudiata
690 2079 901 2146 mathemata
920 2078 1089 2145 recurrit?

361 2203 469 2270 Nobis
488 2227 570 2271 sane
589 2227 610 2270 a
633 2226 815 2293 corporum
842 2205 1055 2291 imaginibus
1084 2210 1118 2269 et
1148 2203 1299 2288 umbris,
1329 2222 1418 2287 quae

207 2333 248 2396 15
271 2337 353 2396 sunt
371 2330 516 2396 obscura
534 2330 726 2416 sensibilia,
745 2353 808 2418 per
826 2331 1049 2413 mathemata,
1069 2352 1158 2416 quae
1176 2328 1316 2394 Platoni
1335 2334 1418 2394 sunt

271 2458 415 2524 obscura
434 2457 687 2545 intelligibilia,
706 2457 750 2523 ad
768 2458 876 2541 ideas,
897 2480 984 2543 quae
1003 2456 1114 2522 eidem
1133 2462 1215 2521 sunt
1248 2455 1342 2520 clara
1365 2454 1418 2518 in·

271 2586 484 2673 telligibilia,
502 2585 605 2651 datur
620 2607 789 2671 accessusr,
806 2584 897 2651 sicut
912 2589 947 2649 et
962 2584 1101 2650 illarum
1118 2581 1258 2649 claritas
1275 2587 1415 2647 nostrae

271 2716 400 2783 rationi
418 2739 480 2805 per
497 2715 611 2783 media
629 2715 839 2782 mathemata
858 2738 930 2781 sese
948 2713 1108 2780 intrudit.
1129 2714 1232 2779 Mitto
1252 2711 1344 2799 quod
1364 2710 1416 2776 in·

270 2851 324 2909 ter
342 2842 587 2910 mathematica
610 2850 645 2908 et
667 2842 810 2931 physica
828 2842 973 2910 debetur
995 2843 1090 2909 locus
1113 2839 1340 2927 quorumdam
1356 2860 1416 2904 na·

204 2974 249 3038 20
270 2969 436 3036 turalium
470 2989 651 3057 corporum
686 2966 866 3055 profluviis
894 2967 1070 3056 integrum
1103 2966 1334 3033 characterem
1372 2962 1416 3030 ad

271 3101 399 3162 certam
435 3094 728 3182 intercapedinem
767 3094 1001 3178 servantibus,
1039 3093 1165 3178 quibus
1207 3089 1416 3178 quandoque

270 3222 366 3310 Magi
385 3222 428 3288 ad
447 3221 598 3309 aliquem
616 3219 828 3310 perdendum
846 3220 900 3286 uti
919 3240 1134 3285 consuevere.
1153 3216 1195 3283 Id
1214 3216 1324 3283 sensit
1345 3215 1416 3280 He-

271 3351 412 3417 raclitus
428 3357 464 3415 et
478 3350 662 3438 Epicurus,
680 3347 846 3435 Synesius
861 3353 896 3413 et
912 3345 1054 3413 Proolus
1071 3344 1331 3427 confirmavere,
1351 3365 1414 3408 nos

271 3477 413 3544 minime
432 3476 647 3565 ignoramus,
667 3481 702 3540 et
720 3472 968 3541 necromantici
987 3471 1135 3540 maxime
1154 3470 1392 3559 experiuntur.

780 3738 813 3776 De
828 3737 911 3787 magia.

361 3938 391 4001 5.
416 3935 507 4014 Quid
530 3935 572 4001 de
592 3935 721 4022 magia,
741 3957 829 4023 quae
852 3957 931 4002 cum
958 3934 1072 4001 media
1101 3934 1248 4001 mathesi
1277 3933 1349 4001 fere
1378 3934 1416 3999 in

272 4062 390 4128 eadem
413 4060 457 4128 ab
481 4061 643 4128 extremis
674 4062 827 4149 physicis
854 4069 959 4148 atque
990 4059 1236 4148 metaphysicis
1263 4060 1417 4147 aequidi-

279 4233 394 4241 -.-——-
593 4233 682 4240 ——-

350 4322 512 4372 Bvarieata
526 4320 553 4372 P
617 4322 693 4374 192⁰
712 4321 899 4389 quorumdam
923 4322 1101 4373 naturalium
1121 4336 1271 4386 corporum
1294 4337 1345 4386 pro
1365 4321 1417 4373 flu·

272 4401 328 4455 viis
345 4403 405 4468 (ric)
430 4403 472 4452 P:
493 4402 664 4468 quibusdam
690 4404 870 4454 naturalibus
892 4403 1076 4468 corporibus,
1101 4418 1151 4466 pro
1178 4402 1275 4454 fluviis
1297 4401 1366 4452 male
1391 4401 1415 4452 G

272 4483 304 4534 27
321 4484 475 4536 extraemis
486 4483 513 4534 P
