3414 5122
539 451 735 496 nxrnwxrlo
756 452 914 499 TRIGINTA
936 454 1145 499 sruiuuouvn.
1354 442 1410 499 145

269 606 425 673 tionibus
445 607 615 692 ordinem,
635 633 775 697 possum
795 611 838 677 ad
858 635 942 700 opus
961 612 1139 679 faciendae
1155 613 1360 680 retentionis
1377 624 1411 679 ot

268 733 495 800 intentandae
516 734 728 802 inventionis
752 737 896 824 accingi.
926 738 1005 804 Non
1037 739 1147 804 solum
1165 761 1227 826 per
1258 739 1410 806 diversos

269 858 312 923 ad
331 859 475 925 eandem
493 861 791 928 nomenclaturam
809 864 948 947 relatos
969 864 1029 929 sed
1051 887 1113 950 per
1132 863 1278 930 eundem
1302 864 1412 931 diver-

267 983 401 1049 simode
415 1006 450 1050 se
463 984 657 1069 habentem,
679 993 880 1074 operantem
896 995 930 1054 et
947 988 1164 1073 collocatum,
1179 989 1410 1057 subiectorum

222 1115 243 1178 ὅ
267 1109 476 1175 retentionis
495 1116 530 1175 et
549 1111 760 1177 inventionis
780 1113 914 1199 copiam
934 1136 1132 1203 comparare
1151 1115 1323 1200 docemus
1350 1117 1410 1183 ubi

266 1231 414 1300 dicimus
435 1256 503 1320 quo
522 1236 623 1302 modo
651 1237 856 1324 quandoque
875 1238 1063 1306 formarum
1083 1239 1409 1327 multiplicationem

270 1357 536 1426 adtentabimus.

485 1620 571 1670 Rotae,
587 1630 645 1669 quae
661 1620 868 1672 vicesimaprima·
883 1626 917 1664 est
931 1624 1031 1676 sigillus,
1047 1623 1177 1675 explicatio.
1432 1612 1462 1672 b
1481 1611 1534 1673 GV

357 1818 471 1883 Rotae
488 1816 683 1882 subiectum
699 1817 841 1899 atrium,
852 1817 958 1903 figulo
971 1818 1152 1904 figurator,
1170 1819 1243 1885 luto
1257 1819 1412 1886 subiecta

203 1945 242 2012 10
265 1942 418 2008 intentio
448 1940 641 2007 formabilis
670 1943 989 2030 proportionantur.
1020 1942 1099 2007 Sint
1130 1943 1240 2028 igitur
1267 1944 1305 2009 in
1335 1951 1411 2011 rota

264 2092 324 2136 seu
345 2069 434 2134 atrio
454 2068 487 2134 A
506 2068 704 2153 duodecim,
734 2069 864 2154 viginti
888 2075 1036 2154 quatuor
1054 2070 1110 2136 vel
1139 2069 1286 2156 triginta
1306 2070 1410 2135 offici·

264 2223 344 2282 nae,
365 2206 405 2264 ut
423 2197 537 2285 prima
561 2197 608 2261 sit
627 2197 784 2284 aucupis,
815 2197 965 2263 secunda
983 2197 1120 2282 medici,
1150 2199 1253 2264 tertia
1272 2198 1408 2283 militis,

265 2332 390 2411 quarta
409 2324 610 2410 pincernae,
632 2323 756 2407 quinta
774 2323 912 2407 musici,
930 2330 1025 2389 sexta
1045 2325 1239 2411 scriptoris,
1261 2325 1408 2411 septima

266 2450 454 2536 agricolae,
474 2457 597 2515 octava
618 2449 757 2534 sutoris,
777 2471 869 2514 nona
889 2449 1091 2532 sacerdotis,
1108 2450 1240 2516 decima
1256 2451 1407 2535 fullonia,

199 2580 241 2644 15
266 2576 448 2642 undecima
476 2576 640 2657 tonsoris,
674 2575 874 2642 duodecima
897 2576 1045 2642 lectoris.
1076 2577 1143 2642 Per
1162 2600 1246 2663 quos
1269 2578 1299 2644 si
1318 2601 1408 2645 unus

265 2725 387 2789 agens,
408 2702 465 2768 vel
485 2724 685 2788 cooporanS,
705 2703 760 2768 vel
778 2702 915 2789 patiens
934 2702 1066 2768 feratur
1085 2703 1156 2768 suis
1175 2703 1325 2789 ossibile,
1346 2705 1407 2771 sal·

264 2834 335 2893 tem
357 2827 554 2911 duodecim3
576 2828 605 2892 si
624 2827 706 2912 duo,
728 2828 848 2893 saltem
867 2828 996 2914 viginti
1016 2836 1177 2913 quatuor,
1198 2829 1227 2893 si
1247 2836 1329 2912 tres,
1350 2831 1409 2896 tri·

264 2954 365 3038 ginta
385 2976 444 3019 sex
474 2953 596 3018 saltem
631 2951 766 3018 dabunt
799 2953 1019 3018 intentiones.
1039 2955 1105 3017 Per
1134 2976 1237 3039 quam
1268 2955 1406 3039 quidem

263 3078 400 3166 praxim
421 3078 449 3143 si
469 3079 555 3144 velis
574 3077 611 3142 iu
631 3077 885 3143 mathematicis
904 3079 1065 3162 exerceri,
1084 3087 1123 3143 ut
1142 3078 1171 3144 si
1187 3079 1273 3144 velis
1292 3079 1406 3146 stella·

196 3212 239 3274 20
262 3226 338 3269 rum
359 3211 517 3290 aspectus
537 3204 650 3288 quoad
669 3227 786 3269 earum
806 3203 1116 3291 significaltionem
1132 3211 1166 3269 et
1185 3204 1408 3290 significatio-
1433 3214 1540 3278 539

263 3352 323 3394 nes
344 3329 609 3416 dispositionum
640 3330 859 3416 planetarum
885 3329 922 3394 in
955 3329 1065 3415 signis
1093 3329 1252 3415 retinere,
1277 3332 1406 3418 poteris
1478 3326 1481 3331 '

264 3453 444 3519 duodecim
473 3454 544 3519 suis
565 3453 834 3519 circumstantiis
864 3455 982 3520 domos
1012 3454 1209 3521 efformatae
1234 3456 1283 3521 ita
1303 3479 1406 3545 appa-

263 3601 354 3660 rare,
375 3588 415 3644 ut
427 3580 497 3645 suis
509 3580 668 3666 partibus
685 3586 788 3664 atque
809 3579 970 3645 membris
983 3578 1067 3645 talia
1088 3581 1304 3666 contineant,
1320 3604 1406 3667 quae

265 3704 308 3769 ad
328 3705 482 3791 singulas
503 3706 807 3787 considerationes,
833 3706 874 3770 de
893 3705 977 3792 ipsis
997 3713 1030 3771 et
1056 3706 1091 3771 in
1110 3706 1195 3793 ipsis
1214 3706 1404 3791 faciendas,

195 3837 238 3902 25
266 3833 336 3898 sint
356 3832 677 3899 adconnnodatiora.
692 3833 826 3898 Poteris
837 3833 977 3919 insuper
997 3840 1127 3919 septem
1148 3834 1277 3899 circuni
1292 3843 1406 3900 rotan-

265 3961 316 4026 tia
336 3962 515 4046 supposita
545 3960 730 4042 destinare,
753 3982 897 4045 quorum
928 3961 1146 4047 passionibus
1166 3968 1200 4026 et
1224 3960 1406 4028 affectibus

273 4153 400 4161 ..--.....-..
415 4154 447 4159 ..-
459 4155 477 4160 ..
490 4154 577 4159 ——.
589 4154 622 4160 --.
634 4154 711 4160 ..--v—-
732 4155 735 4160 .
757 4154 764 4159 .
784 4154 818 4159 -
829 4155 833 4160 .
855 4154 908 4159 .-—
959 4154 1099 4160 ---..-—-
1126 4155 1403 4164 ...-..-——-—-

353 4263 368 4312 7
384 4261 550 4312 adtentabi-
570 4259 628 4326 (cic)
644 4257 673 4310 iu
690 4261 741 4316 fiac
757 4258 787 4310 di
800 4260 905 4326 papius
924 4263 949 4312 P
1013 4265 1094 4313 11.18
1111 4264 1273 4327 duodecim,
1296 4263 1404 4327 viginti

259 4346 384 4408 quatuor
393 4347 439 4392 otc.
450 4341 819 4408 priina-aecunda-tertia
828 4349 872 4392 etc.
881 4343 1167 4407 duodecim-viginti
1177 4350 1301 4408 quatuor
1310 4350 1356 4395 etc.
1366 4344 1402 4395 G:

258 4423 298 4473 1‘2.
308 4423 340 4472 ‘24
357 4423 404 4472 vel
421 4423 685 4474 eu-Pa-a-a
703 4429 748 4472 cte.
765 4423 865 4472 la-ar
882 4430 927 4475 etc.
945 4424 971 4474 Ρ
1035 4427 1065 4475 15
1082 4440 1152 4490 quaa
1172 4425 1195 4474 G
1259 4425 1288 4475 21
1311 4424 1404 4490 dispo·

260 4503 371 4554 tisionsr
386 4506 389 4568 1
404 4504 430 4553 Ρ
493 4504 687 4568 planetarum,
703 4504 838 4569 insignis
854 4504 878 4556 G

392 4600 468 4639 Bucar
487 4599 540 4648 0111».
557 4601 597 4640 tut.
613 4601 648 4651 11,
664 4602 683 4641 a.
1217 4604 1242 4641 1¹5
