3414 5122
667 414 813 458 srcmnvs
834 412 1044 457 s1c1nnoavn.
1368 393 1425 451 ma

285 571 412 636 dicitur
444 593 516 635 esse
538 569 670 655 factus,
704 577 738 634 et
773 569 815 635 ab
835 570 901 634 isto
934 567 978 633 ad
996 569 1125 654 ipsum,
1147 566 1206 651 qui
1238 566 1421 649 utriusque

284 695 520 784 praecedentis
544 701 596 761 est
626 694 931 781 contemplativus,
965 693 1091 779 quique
1121 701 1161 757 ut
1188 699 1240 755 est
1270 690 1426 776 aprima

284 845 346 908 per
365 821 565 903 secundum,
586 821 636 886 ita
656 827 838 906 cognoscet
860 820 1011 906 primum
1030 840 1091 904 per
1110 816 1306 882 secundum.
1327 816 1427 883 Unde

286 946 432 1013 circuitu
464 945 612 1031 quodam
643 946 684 1010 fit
715 945 869 1032 aprime
900 944 943 1009 ad
972 942 1114 1008 tertium
1145 941 1426 1025 discrrrs11S‚eta

242 1077 262 1140 ἴ)
287 1072 391 1138 tertio
410 1093 567 1137 recursus
586 1070 629 1135 ad
652 1069 821 1158 primum,
841 1069 896 1134 vel
925 1069 966 1151 (si
986 1067 1108 1150 mavis)
1138 1066 1322 1132 reflexione
1342 1088 1426 1151 qua-

286 1179 366 1264 dam
382 1220 402 1262 a
421 1197 533 1284 primo
549 1195 593 1262 ad
611 1195 754 1262 tertium
769 1194 809 1259 fit
829 1195 1024 1277 descensus
1044 1215 1064 1258 a
1082 1192 1186 1257 tertio
1206 1214 1366 1256 ascensus
1385 1190 1428 1256 ad

286 1323 437 1411 primum
455 1345 517 1410 per
537 1321 697 1387 medium.

379 1449 428 1514 17.
460 1447 570 1525 Quam
594 1444 752 1511 mirabile
786 1442 852 1509 erit
875 1443 1051 1530 opificium
1078 1448 1191 1525 tuum,
1226 1443 1255 1506 si
1289 1440 1426 1528 opificio

226 1644 230 1649 ,
288 1572 469 1657 utriusque
497 1578 641 1637 naturae
670 1568 939 1651 conformabere;
972 1568 1001 1633 si
1029 1588 1109 1632 vero
1134 1589 1252 1632 excors
1275 1573 1309 1631 et
1339 1589 1429 1632 erra-

223 1703 265 1765 10
287 1695 796 1781 bundusefficiare‚econtrario
810 1693 1050 1760 confusissime
1063 1692 1256 1779 opplepbere
1270 1692 1427 1777 caligine,
1453 1693 1482 1753 d
1505 1693 1547 1752 1v

287 1845 391 1907 quam
411 1821 569 1887 umbram
589 1820 710 1886 mortis
729 1819 915 1907 appellant.
936 1818 992 1884 Sic
1012 1817 1176 1883 memoria
1195 1823 1229 1881 et
1248 1817 1427 1882 intellectu

287 1946 407 2012 mnndi
426 1946 575 2033 triplicis
603 1944 771 2010 fabricam
792 1957 896 2031 atque
924 1944 1059 2028 seriem,
1081 1966 1152 2008 non
1179 1944 1254 2008 sine
1277 1941 1320 2006 iis
1340 1964 1428 2027 quae

287 2071 509 2139 continentur
527 2070 564 2135 in
584 2093 636 2155 ec,
658 2070 836 2156 concipere
855 2068 985 2135 valebis
1005 2076 1108 2154 atque
1123 2090 1254 2155 parere.
1277 2066 1337 2134 Uti
1354 2073 1428 2130 ute-

287 2221 363 2263 rum
383 2197 493 2284 ipsum
508 2202 612 2281 atque
625 2195 801 2261 matricem
819 2194 1057 2260 admirandam
1071 2195 1282 2282 propaganti
1302 2191 1426 2257 lumini

223 2330 266 2394 15
288 2322 484 2408 exposueris
508 2322 551 2387 ab
575 2320 718 2408 hespero
741 2321 796 2387 vel
815 2321 858 2385 ab
877 2327 970 2403 ortu,
991 2344 1011 2385 a
1031 2319 1232 2384 morinoctio
1253 2319 1307 2383 vel
1328 2340 1429 2383 ame-

286 2447 386 2532 ridie,
407 2447 457 2512 ita
476 2469 657 2512 occurrens
676 2447 791 2532 ipsum
810 2445 1038 2532 amplecteris

377 2573 428 2638 18.
452 2572 544 2638 Illud
579 2571 725 2638 subinde
759 2594 830 2638 non
861 2569 1163 2658 praetereundum,
1201 2567 1292 2653 quod
1319 2567 1429 2632 veluti

286 2697 492 2763 naturaliter
511 2720 629 2763 sensus
648 2718 833 2782 eorumque
850 2718 992 2782 organa,
1012 2695 1195 2760 facultates
1214 2701 1248 2759 et
1268 2700 1364 2759 actus
1383 2692 1427 2757 ad

286 2846 394 2888 unum
414 2822 512 2907 quasi
536 2830 693 2887 centrum
712 2821 936 2903 reducuntur,
957 2819 1047 2885 unde
1066 2819 1260 2907 proximum
1280 2817 1427 2905 phanta-

219 2951 264 3014 20
287 2947 356 3013 siae
375 2947 503 3013 atrium
528 2946 649 3012 formis
668 2946 851 3012 memoriae
871 2946 983 3012 cubile
1002 2968 1063 3031 per
1086 2943 1296 3031 cogitativus
1319 2942 1428 3008 tricli-

286 3074 383 3138 nium
403 3071 630 3138 subeuntibus
659 3072 787 3153 cclant;
818 3070 909 3136 haud
933 3093 1028 3136 secus
1055 3092 1117 3157 per
1144 3069 1231 3135 bene
1254 3067 1422 3155 placitum

287 3198 468 3263 memorari
485 3197 639 3284 cupienti
655 3220 777 3284 operae
793 3197 944 3283 pretium
961 3204 1012 3261 est
1029 3195 1150 3261 ordine
1166 3194 1284 3260 eodem
1301 3201 1426 3258 attrec-

287 3330 360 3388 tare
378 3324 481 3390 viam.
503 3324 583 3390 Ideo
614 3326 706 3389 enim
726 3324 893 3409 quaedam
926 3323 1049 3388 millies
1072 3324 1148 3389 visa
1178 3328 1281 3408 atqua
1305 3320 1424 3386 audita

286 3449 518 3536 importunius
537 3457 572 3516 te
590 3450 745 3536 fugiunt,
767 3457 801 3514 et
820 3449 989 3536 quaedam
1008 3450 1111 3515 semel
1136 3456 1170 3513 et
1188 3448 1300 3514 obiter
1319 3447 1425 3513 sensi·

219 3576 262 3638 25
287 3576 349 3641 bns
368 3575 491 3641 iisdem
520 3583 663 3658 attacta,
684 3576 744 3640 nbi
763 3583 940 3640 aeternum
959 3580 1040 3640 sunt
1060 3582 1178 3639 actura
1198 3596 1334 3656 aevum,
1355 3595 1425 3636 me-

286 3701 414 3767 moriae
443 3703 634 3789 penetralia
657 3702 833 3787 capltant;
865 3700 945 3785 quia
968 3700 1053 3766 haec
1077 3700 1119 3765 ab
1139 3700 1215 3787 ipsa
1238 3698 1423 3786 phantasia
1451 3709 1559 3772 557

286 3826 500 3914 obsorptum,
520 3850 581 3914 per
598 3826 824 3912 cogitativam
838 3825 1009 3911 digestum
1026 3825 1171 3908 habent,
1190 3825 1250 3889 illa
1266 3846 1346 3890 vero
1365 3831 1426 3888 aut

285 3952 481 4037 neglectum
500 3953 537 4017 in
565 3952 698 4017 foribus
718 3952 919 4038 dispersere,
951 3959 1012 4016 aut
1035 3951 1105 4015 ullo
1134 3951 1208 4016 sine
1230 3950 1349 4037 pipere
1377 3949 1427 4013 in·

286 4085 420 4142 trusum
439 4099 509 4142 non
529 4078 643 4142 minus
662 4076 851 4164 perdidere.

221 4208 265 4270 30
380 4205 431 4267 19.
463 4202 569 4267 Haud
602 4202 711 4288 igitur
744 4210 872 4268 temere
906 4202 1116 4268 oblivionem
1154 4202 1428 4267 insensaticnem

379 4464 411 4514 22
427 4477 513 4528 opero
527 4464 669 4528 praetium
686 4463 711 4511 P
773 4464 803 4513 27
822 4463 988 4529 absorptum
1004 4463 1028 4511 G
