3414 5122
253 415 311 472 256
622 462 624 467 .
693 430 832 474 rounam
852 429 955 475 aavru

252 607 321 666 ras,
335 591 425 648 certo
437 584 606 668 (inquam)
618 584 703 649 artis
716 585 818 650 huius
836 586 1093 672 gelneralitati,
1107 587 1163 651 oui
1180 585 1222 650 de
1239 584 1406 651 omnibus
1423 601 1449 650 e
1471 587 1519 649 1'

252 732 349 796 posse
368 708 480 774 dicere
504 718 608 794 atque
635 709 825 776 discurrere
854 713 1055 798 peremnia
1078 711 1259 799 proprium
1277 718 1343 794 est,
1363 717 1398 775 et

252 835 307 899 eui
327 834 486 900 universa
505 843 609 922 atque
628 836 766 919 singula
785 836 828 901 ad
847 860 1003 924 quaeque
1023 845 1075 921 (ut
1088 838 1130 903 de
1150 836 1278 903 eisdem
1298 841 1303 922 Ι
1324 835 1396 901 sive
1421 836 1536 900 645

252 960 288 1025 in
318 967 411 1026 recto
442 962 514 1026 sive
542 961 580 1025 in
609 961 762 1046 oblique,
793 963 878 1046 sive,
903 970 943 1028 ut
971 963 1081 1046 aiunt,
1112 961 1344 1049 quidditative
1362 967 1397 1025 et

208 1086 409 1168 &univoca
440 1086 513 1151 sive
543 1086 801 1153 denominative
831 1087 1006 1170 dicuntur)
1039 1088 1166 1153 referre
1195 1087 1296 1172 licet,
1326 1109 1397 1152 non

251 1212 412 1277 oonvonit
441 1212 602 1277 diseretio
633 1212 781 1278 subiecti
812 1220 847 1278 et
873 1212 1077 1301 praedicati,
1108 1235 1220 1298 neque
1249 1215 1322 1279 eius
1341 1212 1397 1278 cui

252 1337 383 1423 aliquid
405 1344 440 1402 et
457 1337 531 1404 eius
550 1337 642 1424 quod
661 1337 766 1403 alicui
784 1339 926 1423 accidit,
944 1339 1027 1424 quia
1050 1344 1091 1404 ut
1115 1361 1239 1404 munus
1255 1339 1329 1404 eius
1346 1347 1397 1404 est

250 1463 484 1549 deomnibuS,
505 1464 554 1530 ita
575 1463 691 1530 omnia
712 1463 868 1529 dicibilia
886 1472 967 1530 suut
987 1464 1039 1529 illi
1069 1463 1225 1530 subiecta
1253 1472 1288 1528 et
1317 1464 1397 1529 sub·

251 1596 366 1672 stans,
387 1589 476 1653 nihil
495 1612 631 1675 quoque
651 1595 718 1671 est,
740 1589 832 1674 quod
861 1613 932 1656 non
956 1589 1194 1656 adcommodet
1224 1588 1400 1676 praedica·

189 1720 228 1782 lo
250 1714 339 1779 tioni
358 1721 393 1778 et
413 1714 694 1780 accidentalitati.
720 1715 848 1780 Verum
867 1716 1042 1781 enimvero
1073 1716 1117 1781 ad
1147 1715 1232 1781 artis
1253 1714 1397 1780 manife-

252 1839 436 1905 stationem
461 1840 589 1906 rationi
609 1848 878 1906 consentaneum
897 1864 969 1906 esse
996 1841 1151 1923 videtur,
1172 1848 1211 1906 ut
1229 1840 1398 1925 quaedam

252 1965 315 2029 sub
350 1988 431 2049 una,
468 1967 635 2052 quaedam
669 1967 732 2033 sub
768 1967 837 2032 alia
870 1966 1081 2033 definiantur
1110 1968 1261 2049 ratione3
1297 1966 1399 2032 facile

250 2114 400 2178 namque
419 2093 696 2179 intelligentibus
715 2095 782 2159 erit
802 2094 920 2160 eadem
936 2095 1021 2161 haee
1041 2118 1110 2181 qua
1134 2096 1194 2161 illa
1217 2095 1398 2183 capieban-

251 2224 308 2283 tur
326 2219 460 2284 ratione
480 2220 632 2286 vicissim
652 2220 816 2308 accipere.

726 2592 769 2632 111.
785 2592 917 2632 Membrum.

339 2878 761 2945 Instrumentativum
790 2879 899 2966 igitur
922 2903 999 2945 oum
1023 2879 1267 2946 universaliter
1286 2903 1395 2966 genus

250 3004 478 3069 accident-ium
502 3005 675 3090 signifieat
694 3005 731 3069 iu
754 3007 932 3091 proposito
957 3005 1049 3092 apud
1068 3007 1235 3090 Lullium,
1268 3006 1395 3094 duplex

249 3135 312 3212 est,
333 3128 514 3215 physicum
528 3129 691 3195 videlieet
707 3153 765 3194 seu
783 3131 953 3213 naturale,
968 3140 1004 3195 et
1020 3132 1171 3197 ethicum
1184 3155 1243 3198 seu
1257 3132 1393 3198 morale.

249 3253 436 3339 Physieum
452 3276 533 3340 ergo
553 3256 897 3320 iustrumentativum
910 3257 1128 3322 eonfiaturin
1139 3264 1263 3340 rotam,
1284 3257 1346 3321 ubi
1364 3258 1394 3322 B

182 3387 225 3449 ‘20
247 3379 424 3466 signifieat
436 3379 681 3464 quantitatem,
697 3380 723 3443 O
737 3380 955 3465 qualitatem,
968 3382 999 3445 D
1016 3382 1232 3465 relationem,
1247 3383 1275 3446 Ε
1288 3383 1394 3447 aetio·

248 3528 344 3587 nem,
365 3504 393 3568 F
410 3504 620 3591 passionem,
643 3505 674 3568 G
697 3505 835 3589 habere,
856 3507 891 3570 H
910 3507 1014 3572 situm
1040 3530 1124 3586 esse,
1150 3508 1167 3570 I
1187 3506 1333 3593 quando,
1358 3508 1393 3572 K

247 3631 318 3695 ubi.
333 3631 337 3711 Ι
351 3629 515 3694 Ethioum
531 3637 646 3695 autem
662 3630 1005 3698 instrumentativum
1018 3632 1191 3719 triplicem
1211 3633 1394 3698 eonstituit
1419 3645 1445 3694 ο
1468 3633 1522 3696 2¹*

247 3766 401 3822 rotarum
420 3757 588 3839 ordinem,
609 3757 646 3820 iu
667 3779 812 3842 quarum
833 3757 944 3822 media
969 3758 1213 3842 significantur
1231 3759 1392 3841 virtutes,

248 3881 285 3946 in
304 3880 466 3946 extremis
486 3904 566 3946 vero
586 3881 828 3966 significantur
847 3882 949 3967 vitia,
970 3890 1112 3948 externa
1136 3884 1275 3968 quidem
1307 3907 1393 3969 quae

182 4011 224 4074 25
247 4030 309 4093 per
327 4029 519 4088 excessum,
540 4008 677 4072 iuterna
697 4031 777 4073 vero
798 4030 884 4093 quae
903 4031 964 4096 per
984 4009 1165 4074 defectum.

341 4423 356 4470 4
373 4419 563 4486 quidditativo
579 4420 618 4471 G:
635 4419 807 4485 quiditativt
821 4422 847 4472 P
911 4421 941 4470 19
957 4419 1113 4483 Physicum
1124 4418 1186 4468 AG:
1203 4417 1351 4469 Phisieum
1366 4419 1392 4468 P

248 4501 279 4552 23
292 4501 566 4565 significantium:
582 4501 812 4565 significanterl'
858 4502 890 4551 ‘ll
907 4500 1043 4551 extremis
1057 4497 1120 4548 AG:
1138 4500 1293 4550 extraemie
1308 4499 1334 4549 P
