3414 5122
547 430 592 474 nn
611 429 768 475 taurana
790 427 1046 475 consummana.
1312 408 1373 472 275
1429 495 1432 500 Ι

228 590 280 649 θεῖ
298 582 377 648 finis
396 582 639 669 plurimorum,
660 585 752 650 Deus
771 591 822 650 est
842 584 920 651 finis
944 584 1107 650 omnium.
1129 584 1190 648 Est
1222 583 1371 648 seeundo
1436 667 1440 671 .

227 707 306 774 finis
320 709 589 793 terminationis,
607 711 696 776 sieut
710 711 816 798 Alpes
832 717 914 776 sunt
929 710 1008 776 finis
1020 709 1155 775 Galliae
1171 709 1208 774 in
1221 707 1370 789 Italiam,

227 841 262 900 θῖ
280 836 432 921 Pyrenas
452 835 489 900 in
508 836 723 923 Hispaniam.
747 839 811 904 Est
841 837 944 905 tertio
976 837 1053 902 finis
1084 835 1306 924 privationis,
1334 840 1373 898 ut

228 982 333 1044 mors,
353 960 522 1046 (lefeotus,
543 961 722 1028 extinctio⁸

716 1266 742 1305 V.
758 1265 892 1305 Mambrum.

318 1512 372 1577 Ibi
396 1534 499 1598 super
524 1510 670 1597 angulos
693 1511 728 1575 H
748 1512 764 1575 Ι
784 1512 830 1594 K,
851 1511 888 1577 id
911 1518 962 1578 est
982 1512 1226 1595 maioritatem,
1251 1533 1375 1596 aequa-

229 1641 376 1724 litatem,
397 1639 648 1722 minoritatem,
668 1645 719 1704 θεῖ
739 1639 861 1705 titulus
880 1641 971 1705 inter
989 1641 1221 1707 substantiam
1240 1648 1274 1706 θῖ
1294 1641 1378 1706 sub-

230 1765 409 1848 stantiam,
429 1766 522 1830 inter
541 1764 698 1830 accidens
725 1772 760 1829 at
789 1766 961 1848 accidens,
980 1767 1071 1832 inter
1089 1766 1322 1832 substantiam
1340 1773 1376 1831 θῖ

230 1893 399 1976 accidens,
422 1893 466 1958 ad
484 1891 751 1975 significandum
770 1893 985 1979 triangulum
1008 1901 1043 1958 et
1072 1894 1279 1978 anguiorum
1307 1892 1376 1958 sin-

166 2027 208 2090 10
230 2018 330 2104 gulos
360 2017 475 2082 omnia
505 2024 698 2103 penetrare;
727 2024 779 2082 est
809 2017 901 2082 enirn
931 2017 1040 2082 maior
1068 2017 1264 2082 substantia
1290 2018 1375 2083 coeii

231 2165 333 2227 quam
353 2164 461 2227 aquae
485 2142 682 2208 substantia
707 2142 969 2226 quodammode,
997 2150 1049 2208 est
1074 2142 1185 2209 maius
1215 2142 1378 2226 quodam-

230 2267 331 2332 modo
359 2267 516 2332 accidens
540 2266 735 2352 intelligere
759 2288 862 2351 quam
889 2266 1038 2346 credere,
1063 2275 1115 2333 θεῖ
1144 2267 1253 2334 maior
1285 2269 1375 2333 ratio

230 2393 320 2458 antis
345 2393 382 2457 in
405 2391 601 2457 substantia
625 2414 712 2476 quaa
742 2391 871 2476 existit,
897 2415 1001 2478 quam
1023 2394 1061 2458 in
1084 2393 1260 2458 accidente
1285 2394 1376 2480 quod

231 2517 396 2582 inhaeret.
416 2518 479 2582 Εεῖ
498 2517 582 2582 item
602 2518 792 2602 aequalitas
815 2517 907 2583 inter
937 2518 1181 2601 substantiam,
1211 2541 1299 2604 quae
1323 2527 1375 2584 est

167 2650 208 2713 15
232 2643 450 2708 individuum
470 2644 571 2709 unius
596 2643 739 2730 speciei,
759 2652 794 2709 et
818 2646 965 2710 alterum
983 2644 1203 2711 individuum
1223 2644 1377 2709 eiusdem

232 2772 287 2837 vel
306 2771 393 2836 alius
409 2771 548 2858 speeiei;
568 2771 661 2836 inter
679 2770 848 2853 accidens,
870 2771 961 2856 quod
989 2779 1041 2836 θεῖ
1060 2794 1129 2838 una
1159 2770 1375 2857 experientia

232 2898 287 2962 vel
321 2896 480 2981 scientia,
512 2904 547 2961 et
580 2896 752 2979 accidens
781 2896 872 2981 quod
903 2904 955 2961 est
985 2896 1053 2962 alia
1084 2897 1297 2983 experientia
1320 2895 1378 2961 vel

233 3021 395 3107 scientia,
414 3030 448 3086 θῖ
466 3022 660 3108 potentiam
678 3021 772 3087 visus
791 3022 835 3087 ad
863 3021 1069 3103 videndum,
1095 3029 1130 3087 θῖ
1161 3021 1301 3087 auditus
1332 3020 1376 3087 ad

233 3145 462 3229 audiendum,
499 3148 591 3212 inter
627 3148 859 3213 substantiam
896 3154 931 3212 θῖ
964 3145 1122 3212 accidens
1159 3147 1378 3212 substantiva

168 3274 212 3336 20
234 3279 424 3358 sumptum,
448 3273 538 3337 sieut
561 3271 652 3337 inter
675 3272 850 3338 hominem
872 3279 906 3337 θῖ
929 3271 1075 3355 risibile,
1100 3294 1227 3357 equum
1251 3278 1285 3337 θῖ
1303 3270 1379 3336 hin-

234 3397 351 3462 nihile.

316 3525 378 3589 Est
388 3524 528 3589 tandem
540 3524 720 3590 minoritas
732 3524 825 3588 inter
837 3523 1067 3589 substantiam
1079 3530 1113 3588 θῖ
1124 3522 1279 3602 substan}
1289 3523 1381 3607 tiam,
1410 3529 1506 3591 661

235 3648 466 3714 substantiam
490 3657 525 3714 θῖ
544 3649 714 3729 anciriana,
736 3649 741 3738 i
763 3648 844 3734 quia
864 3655 915 3732 (nt
933 3648 1047 3714 visum
1066 3653 1130 3730 θεῖ)
1154 3654 1206 3714 θεῖ
1225 3655 1260 3713 θῖ
1280 3648 1384 3713 maio·
1407 3660 1437 3720 d
1458 3660 1510 3720 ὅν

235 3773 338 3856 ritas,
360 3797 467 3840 unum
487 3776 615 3862 quippe
635 3775 918 3841 correlativorum
937 3781 989 3839 θεῖ
1008 3773 1185 3839 iudicium.

329 4131 345 4179 9
361 4129 535 4194 angulorum
551 4130 613 4181 Aa:
629 4131 800 4194 angulorum
814 4131 840 4180 Ρ
905 4134 934 4181 11
949 4146 1041 4198 aquae
1056 4129 1120 4182 Aa:
1134 4147 1242 4200 aequae
1258 4132 1284 4181 P
