3414 5122
572 426 616 469 nn
638 426 796 471 1111111111
817 426 1076 473 conmunionis.
1337 412 1396 471 295

252 582 402 648 rationes
439 588 474 647 et
503 582 646 670 physice
678 589 712 648 et
748 582 983 669 metaphysica
1015 589 1049 648 et
1082 583 1194 667 logice
1226 589 1261 646 et
1288 604 1399 647 mora·

251 707 345 792 liter,
373 708 544 790 localiter,
574 706 768 790 definitive,
799 708 963 789 finaliter,
991 715 1027 774 et
1057 708 1153 772 mille
1177 707 1254 773 aliis
1278 705 1397 772 modia.

252 833 457 920 Exemplum
478 834 600 899 tertiae
631 834 758 920 speciei
781 833 969 919 'quomodo
999 833 1036 898 in
1066 833 1136 899 suia
1165 833 1339 919 partibus,
1363 839 1398 897 et

252 965 369 1046 partes
389 983 470 1025 suae
495 960 532 1024 in
555 958 666 1046 ipso?'
686 959 914 1046 respondetur
944 958 1063 1024 eadem
1091 957 1215 1038 forma,
1247 955 1400 1023 conside·

209 1088 229 1150 5
253 1083 361 1149 raudo
385 1083 506 1149 itidem
526 1084 695 1168 quomodo
720 1094 753 1149 et
777 1084 894 1170 quales
918 1090 1000 1150 sunt
1017 1091 1148 1172 parteS,
1169 1082 1295 1168 quibus
1314 1083 1400 1148 inte

253 1215 374 1294 gratur
404 1215 508 1294 atque
537 1209 776 1295 constituitur,
808 1210 965 1297 physice,
994 1209 1118 1296 logice,
1149 1207 1398 1293 metaphysica,

255 1356 400 1419 quarum
429 1335 517 1400 aliae
546 1336 776 1423 propinquae,
795 1336 882 1402 aliae
911 1343 1079 1419 remotae,
1099 1335 1188 1400 aliae
1206 1333 1395 1420 proximae,

254 1459 342 1524 aliae
361 1459 516 1542 ultimae,
531 1460 619 1526 aliae
630 1467 713 1526 sunt
727 1472 843 1548 partes
861 1461 1043 1526 virtuales
1058 1465 1162 1543 atque
1180 1457 1396 1545 potentiales,
1421 1454 1506 1519 11'

254 1591 295 1649 ut
328 1586 540 1672 vegetativa,
575 1586 753 1670 sensitiva,
787 1587 978 1652 rationalis.
1014 1585 1220 1672 Exemplum
1255 1590 1400 1669 quartae

191 1714 232 1777 10
255 1709 381 1796 speciei
399 1710 587 1796 ‘quomodo
611 1711 712 1778 homo
732 1711 941 1777 transmittit
964 1710 1097 1796 aliquid
1122 1733 1142 1776 a
1165 1709 1235 1774 sel‘
1259 1730 1399 1796 respon·

255 1835 355 1899 detur
374 1836 594 1922 generalibus
623 1837 748 1921 modis,
780 1837 1014 1902 adverbiamlo
1043 1834 1186 1901 nomina
1213 1833 1399 1922 principio·

255 1982 345 2043 rum,
367 1969 406 2026 ut
428 1962 583 2047 proxime
605 1962 608 2048 l
629 1962 760 2027 dictum
786 1970 853 2044 est3
879 1960 1125 2046 distinguendo
1149 1960 1232 2025 item
1262 1959 1399 2042 modae,
1426 1971 1534 2035 θ’θ’)

257 2085 382 2170 quibus
400 2086 502 2151 homo
521 2110 563 2151 ex
582 2085 807 2153 facultatibus
832 2086 1066 2173 corporalibus
1091 2086 1147 2151 vel
1177 2084 1401 2172 incorporali·

256 2210 319 2276 bns
339 2211 471 2297 aliquid
490 2219 587 2277 extra
607 2236 641 2278 se
661 2213 784 2297 mittit,
804 2212 1009 2301 producens,
1030 2233 1213 2299 generans,
1234 2211 1401 2293 alterans,

192 2343 235 2407 15
257 2335 461 2422 immutans,
490 2337 546 2402 vel
577 2339 690 2424 quoad
713 2338 896 2404 facultates
924 2337 1103 2420 animales,
1124 2335 1399 2422 apprehendens,

256 2461 428 2547 cogitans,
449 2462 669 2549 intelligens;
694 2464 826 2548 aliquid
846 2463 929 2528 item
948 2463 986 2527 in
1005 2485 1040 2526 se
1060 2460 1292 2545 immutando,
1314 2459 1402 2524 exci-

257 2586 374 2668 tanda,
395 2587 611 2672 innovanda,
632 2588 803 2675 augendo,
827 2611 889 2674 per
913 2586 1098 2652 earundem
1121 2584 1328 2650 facultatum
1352 2582 1404 2648 di-

259 2713 468 2778 versitatem.
488 2713 536 2778 Et
555 2713 605 2779 ita
624 2713 754 2800 species
776 2713 860 2778 haec
879 2712 947 2778 tria
971 2712 1097 2777 habeat
1116 2709 1284 2775 membra:
1304 2708 1403 2774 emis·

259 2838 403 2923 sionem,
424 2838 670 2906 immissionem
690 2845 724 2903 et
743 2837 1001 2904 conversionem
1021 2835 1296 2902 immanentium.

536 3103 601 3167 DE
632 3102 815 3169 DECIMA
847 3101 1042 3168 REGVLA
1076 3102 1121 3167 Κ.

346 3344 489 3410 Decima
512 3344 667 3431 quaestio
689 3343 782 3410 ‘cum
802 3344 884 3430 quo'
908 3354 959 3411 est
991 3368 1096 3431 quam
1123 3345 1399 3413 instrumentali-

256 3471 340 3536 tatis
359 3471 514 3556 regulam
533 3470 637 3535 etiarn
658 3470 847 3558 appellant,
879 3477 914 3536 et
945 3479 996 3537 est
1021 3471 1309 3537 concomitantiae
1329 3495 1399 3537 non

256 3597 370 3661 minus
389 3596 523 3682 regula,
543 3596 648 3660 immo
667 3595 795 3684 potius,
816 3597 897 3683 quia
921 3596 1144 3663 instrumenti
1164 3597 1319 3682 quaestio
1338 3621 1399 3685 po·

257 3720 327 3786 tius
350 3726 401 3785 est
424 3718 520 3804 ‘quo’
540 3742 643 3806 quam
665 3719 761 3786 ‘cum
784 3721 879 3805 quo'.
900 3721 967 3787 Sed
995 3721 1164 3808 quidquid
1192 3721 1238 3788 sit
1268 3721 1305 3788 in
1324 3744 1402 3810 pro-

190 3841 233 3903 25
257 3845 384 3931 posito,
403 3846 487 3911 haec
506 3845 625 3931 regula
644 3867 714 3911 non
735 3846 779 3911 ab
797 3868 833 3910 re
853 3853 1043 3913 extremum
1067 3853 1170 3913 nacta
1192 3853 1244 3912 est
1271 3847 1400 3930 locum;

257 3977 333 4035 tum
362 3970 455 4035 enim
485 3969 772 4055 instrumentum,
802 3979 877 4036 tum
901 3972 1134 4037 concomitans
1154 3972 1265 4057 magis
1285 3972 1328 4037 ab
1353 3972 1401 4036 in-

257 4096 407 4162 trinseco
426 4093 476 4160 rei
496 4094 617 4178 distat,
638 4118 742 4180 quam
762 4096 830 4162 alia
849 4118 1084 4183 quaecumque
1103 4119 1144 4162 ex
1162 4120 1402 4184 praenumera-

351 4395 422 4446 106
439 4395 638 4462 metaphysica
656 4395 720 4448 Ae:
740 4396 955 4463 methaphysice
975 4399 1002 4449 P
1064 4399 1145 4451 ’Μῦ
1161 4401 1308 4466 proposito
1329 4401 1399 4454 hacc

259 4477 360 4543 regula
374 4492 432 4528 non
444 4477 483 4527 P:
498 4478 646 4542 proposito
660 4477 729 4529 haec
743 4477 857 4544 regula,
872 4493 930 4530 non
944 4479 969 4530 G
