3414 5122
665 402 812 447 smmnvs
834 401 1044 446 srarnnouvu.
1369 387 1425 445 185

281 566 422 644 gentem
441 558 630 648 appellavi,
649 581 751 644 quem
770 579 848 624 oum
865 558 1061 624 domesticis
1082 559 1159 626 aliis
1177 558 1424 641 adcurrentem,

282 694 459 774 petentem
479 687 655 772 baculum,
672 693 866 774 serpentem
885 687 1002 752 adesse
1022 693 1302 772 conquerentem,
1320 686 1427 752 verba

283 814 520 881 vehementius
539 815 621 881 irati
639 814 856 899 fundentem,
870 815 959 881 sicut
977 824 1012 881 et
1032 815 1037 902 Ι
1058 815 1143 881 alios
1164 814 1249 879 mihi
1262 815 1427 879 timentes
1455 812 1558 875 573

283 967 354 1010 non
373 945 488 1010 minus
506 943 746 1030 intelligebam
766 943 960 1030 loquenten,
982 966 1085 1029 quam
1113 942 1215 1009 modo
1245 965 1299 1008 me
1328 962 1428 1029 posse

241 1076 262 1139 ὅ
285 1050 1143 1161 initelligerecredam.Haecqueipsispostplures
1160 1071 1293 1158 elapsos
1306 1093 1427 1153 annos,
1452 1086 1477 1134 e
1499 1073 1550 1135 5²·

285 1198 419 1264 velute
443 1220 562 1265 somno
581 1220 700 1264 rursus
718 1197 900 1284 evigilanS,
920 1198 1125 1285 parentibus
1149 1197 1185 1264 id
1205 1196 1348 1264 minime
1370 1195 1426 1284 [id]

286 1325 439 1393 omnium
454 1325 691 1410 cogitantibus
705 1345 774 1389 non
790 1325 864 1390 sine
875 1346 993 1390 corum
1006 1324 1236 1391 admiratione
1251 1323 1289 1389 in
1306 1345 1430 1389 memo·

285 1451 372 1516 riam
390 1451 559 1516 revocavi.
579 1451 658 1516 Huc
676 1456 811 1538 spectat
828 1449 1058 1535 considerare,
1077 1456 1248 1536 quantum
1264 1449 1430 1516 miraculo

285 1576 361 1642 fieri
379 1577 504 1662 possit,
525 1585 565 1642 ut
583 1584 686 1643 natus
706 1576 844 1662 surdus,
865 1583 900 1642 et
916 1583 1164 1661 consequenter
1183 1583 1318 1661 mutus,
1338 1581 1430 1642 recte

223 1706 264 1770 10
286 1706 427 1793 proprio
446 1705 588 1793 spirita,
608 1727 680 1771 non
699 1712 814 1771 autem
834 1705 946 1771 alieno
965 1727 1027 1793 per
1046 1703 1254 1770 maleficium
1276 1704 1428 1788 intrusa,

286 1830 385 1896 effari
406 1831 527 1897 valeat.
549 1832 695 1897 Prorsus
715 1831 807 1897 enim
826 1830 1001 1897 iudiciosis
1021 1830 1224 1918 inpossibile
1242 1829 1430 1915 videbitur,

286 1963 326 2022 ut
345 1957 518 2045 quispiam
538 1957 575 2022 in
593 1956 772 2045 proposito
791 1978 909 2021 eorum
938 1954 1092 2043 proferat
1121 1963 1250 2038 actum,
1285 1977 1429 2040 qnorum

288 2104 358 2147 non
378 2081 484 2148 habet
502 2081 675 2165 habitum3
696 2082 808 2169 ipsum
828 2082 955 2148 etenim
969 2080 1126 2147 eumdem
1138 2081 1222 2147 hacc
1241 2080 1339 2146 effari
1358 2104 1429 2147 ver·

289 2207 345 2289 ba,
367 2229 455 2292 quae
474 2230 544 2273 non
562 2206 698 2274 audivit
714 2229 866 2292 unquam
887 2229 997 2292 neque
1023 2206 1159 2289 didicit,
1181 2212 1233 2272 est
1259 2205 1431 2293 implicita

225 2335 264 2398 15
288 2334 350 2398 vel
362 2333 478 2420 potius
498 2333 670 2421 explicata
689 2332 930 2435 contradictiO,
952 2356 1056 2419 quam
1072 2333 1182 2399 nostri
1198 2333 1430 2398 moderatores

287 2460 463 2528 affirmant
481 2484 552 2526 esse
571 2483 641 2526 non
660 2482 758 2547 posse
777 2460 934 2526 miraculi
954 2460 1156 2527 subiectum.
1175 2460 1230 2524 Ex
1252 2458 1318 2524 hcc
1339 2459 1432 2546 prin·

288 2588 378 2676 cipio
399 2610 468 2654 non
489 2596 544 2655 sat
562 2587 726 2654 distincte
743 2593 919 2675 percepto,
939 2586 1068 2653 formas
1090 2609 1205 2653 rerum
1224 2586 1432 2652 naturaliter

293 2715 408 2782 annno
427 2737 500 2781 esse
520 2714 641 2781 insitas
662 2720 818 2781 asserunt
836 2712 1017 2779 Platonici.

657 2920 691 2960 De
706 2923 787 2960 octava
801 2919 964 2959 contractionis
978 2919 1061 2968 specle.

221 3088 266 3152 20
380 3092 433 3155 42.
453 3089 698 3155 Contractione
714 3089 834 3170 etiam,
849 3111 936 3174 quac
952 3111 972 3154 a
986 3088 1101 3154 subito
1119 3088 1241 3154 timore
1257 3088 1302 3153 ad
1317 3111 1430 3154 arcem

290 3219 401 3287 cordis
431 3218 585 3304 aliasque
613 3217 768 3282 internas
798 3225 914 3304 partes
944 3217 1106 3304 spiritum
1130 3215 1355 3283 contrahente
1374 3217 1430 3283 vel

289 3347 487 3436 impellente
506 3319 679 3434 provenit,
699 3345 739 3409 fit
762 3352 801 3411 ut
822 3368 841 3410 a
860 3345 1033 3432 plerisque
1051 3345 1181 3411 morbis
1200 3345 1334 3430 aegroti
1354 3367 1431 3410 con-

288 3475 478 3556 valescant,
511 3473 600 3539 sicut
628 3495 647 3537 a
676 3472 858 3539 contrariis
888 3473 998 3538 causis
1029 3481 1228 3538 enascentes
1257 3474 1429 3539 contraria

288 3601 421 3667 ratione
441 3600 553 3665 curari
573 3597 743 3663 credimus
760 3605 1014 3682 consequenter.
1030 3597 1161 3684 Omitto
1178 3597 1269 3682 quod
1281 3596 1430 3682 quadam

221 3732 264 3796 ‘25
288 3726 326 3791 in
350 3725 504 3791 animum
531 3725 618 3789 bene
644 3722 832 3788 formatum
861 3724 1095 3788 contractione
1122 3721 1215 3788 facta
1251 3724 1429 3809 proprium

288 3852 506 3934 alienumque
527 3870 650 3935 corpus
669 3853 838 3929 servatur,
858 3848 947 3912 sicut
977 3848 1101 3912 cecinit
1127 3849 1320 3930 Zoroaster,
1346 3846 1429 3912 fecit
1453 3860 1477 3909 e
1498 3849 1552 3911 5v

289 3977 519 4062 Pythagoras,
534 3973 739 4061 Apollonius
759 3984 793 4037 ct
809 3972 898 4038 Abb.
920 3972 1071 4059 Spiritus
1091 3995 1226 4058 quoque
1244 3980 1429 4060 postquam

379 4215 562 4286 6[id]0m.0
626 4216 654 4265 11
670 4213 886 4279 impossibileG
950 4212 1156 4263 18eundomG
1218 4211 1433 4272 mmor-imor-

286 4299 331 4349 bis
345 4299 372 4348 P
434 4300 464 4347 27
482 4299 556 4348 Abb.
573 4293 637 4357 (ciel
650 4295 785 4357 Abbaris,
800 4309 868 4343 come
880 4292 983 4343 scrabra
996 4292 1042 4342 obe
1056 4292 1077 4343 il
1086 4292 1181 4341 Brano
1193 4289 1283 4340 serica
1293 4306 1346 4352 per
1360 4291 1433 4340 Aba·

287 4379 328 4430 ris
344 4382 379 4444 (υ.
394 4394 478 4442 sopra
488 4393 518 4441 p.
533 4379 591 4436 181,
601 4378 646 4440 11),
663 4376 697 4427 cs.
712 4373 840 4425 Herodot.
855 4375 881 4436 4,
896 4375 939 4423 36.
950 4372 1092 4438 Porphyr.
1111 4372 1160 4422 Vir.
1177 4372 1259 4437 Pyra.
1278 4372 1320 4422 29.
1336 4370 1431 4421 [anibi.

293 4459 346 4513 Vir.
362 4459 443 4526 Pyra.
460 4460 491 4507 19
504 4458 561 4522 etc.)
576 4456 614 4507 P:
631 4453 717 4506 aliid

420 4553 497 4592 Baua!
513 4551 568 4601 opp.
583 4551 624 4588 lat.
640 4549 673 4597 Π,
692 4550 713 4589 8.
1247 4545 1272 4584 24
