3414 5122
327 404 386 463 292
764 419 904 466 rounam
925 420 1025 466 eevrn

416 566 590 644 ‘Quando’
620 566 817 653 quindecim
847 566 974 632 dicitur
1003 567 1128 632 habore
1158 566 1305 654 species;
1326 566 1471 633 totidem
1496 578 1523 627 e
1545 565 1602 629 '7⁹

329 693 422 759 enim
437 693 547 758 modis
564 692 607 757 ad
626 693 863 778 quaestionem
879 691 1045 778 'quando'
1061 691 1268 779 respondere
1282 715 1471 779 possumne,

327 826 413 906 puta
443 825 592 904 quatuor
615 817 725 883 modis
752 817 891 904 regulae
914 817 959 902 O,
981 817 1093 883 tribus
1123 817 1233 883 modis
1263 818 1405 905 regulae
1423 818 1471 901 D,

329 953 364 1010 et
383 951 459 1009 octo
478 942 589 1008 modis
619 943 799 1028 utriusque
829 943 967 1028 regulae
991 943 1026 1007 K
1043 943 1262 1010 adducendis.
1285 943 1473 1022 Quaerenti
1551 1010 1555 1017 ,

284 1069 421 1139 benim
443 1067 595 1154 ‘quando
620 1074 671 1132 est
694 1068 830 1134 bomo?
861 1066 988 1133 dicitur
1017 1066 1170 1153 ‘quando
1195 1077 1247 1135 est
1276 1069 1473 1135 substantia

328 1194 483 1260 animata
501 1193 667 1260 sensitiva
686 1193 888 1275 rationalis’,
909 1216 996 1279 quae
1016 1201 1067 1260 est
1084 1219 1103 1260 a
1118 1195 1232 1281 prima
1248 1195 1361 1281 specie
1377 1218 1476 1280 regu·

327 1320 381 1385 lae
400 1319 439 1402 0;
458 1318 611 1404 ‘quando
630 1318 735 1384 habet
753 1318 790 1384 in
802 1342 838 1384 se
850 1318 1077 1402 intellectum,
1099 1319 1331 1386 voluntatem
1351 1326 1386 1386 et
1401 1342 1476 1385 cae·
1523 1408 1527 1414 .

328 1451 415 1528 tera,
427 1466 490 1531 per
504 1443 688 1509 secundam
704 1444 872 1528 regulam;
885 1443 1037 1531 'quaudo
1054 1451 1106 1511 est
1130 1445 1166 1510 in
1186 1446 1333 1511 entitate
1349 1467 1423 1527 ens,
1438 1443 1475 1509 in

329 1571 485 1636 bonitate
508 1569 631 1635 bonus*
657 1575 732 1652 etc„
752 1591 814 1656 per
840 1569 980 1634 tertiam
1000 1571 1169 1655 regulam;
1196 1568 1351 1655 ‘quando
1370 1569 1476 1635 habet

205 1773 212 1787 ,
265 1701 306 1762 10
328 1696 366 1760 in
394 1693 721 1761 demonstrabilibus
750 1693 972 1759 scibilitatem
996 1702 1030 1760 et
1054 1695 1248 1780 scientiam,
1273 1697 1310 1760 in
1334 1694 1477 1761 sensibi-

328 1820 420 1886 libus
450 1818 601 1885 sensum'
625 1826 660 1885 et
684 1826 833 1903 caetera,
856 1843 918 1906 per
942 1828 1101 1904 quartam
1129 1821 1301 1905 regulam;
1318 1819 1474 1905 ‘quando

328 1951 379 2011 est
396 1945 602 2030 originariis,
620 1943 780 2010 initiatus
799 1968 817 2010 a
833 1952 949 2031 patre,
967 1946 1059 2013 coelo
1076 1954 1110 2010 et
1126 1944 1230 2028 aliis',
1246 1968 1308 2033 per
1323 1945 1470 2032 primam

329 2070 476 2157 speciem
494 2070 633 2156 regulae
651 2069 708 2135 ‘de
728 2069 822 2155 quo‘,
843 2069 996 2155 ‘quaudo
1016 2075 1067 2136 est
1090 2093 1151 2135 sua
1171 2069 1287 2135 anima
1315 2077 1349 2134 et
1368 2091 1467 2135 suum

330 2193 478 2281 corpus',
497 2219 559 2281 per
575 2195 760 2260 secundam
776 2195 936 2282 speciem,
956 2193 1109 2280 ‘quando
1124 2200 1177 2261 est
1193 2195 1272 2280 Dei,
1289 2194 1475 2282 providen-

266 2333 306 2396 15
329 2321 411 2401 tiae,
428 2319 508 2402 fati,
522 2319 705 2402 fortunae',
718 2342 781 2406 per
797 2320 937 2385 tertiam
956 2320 1120 2406 regulam;
1136 2319 1290 2406 'quaudo
1307 2326 1359 2385 est
1376 2341 1474 2384 muu-

331 2445 378 2529 di,
395 2468 414 2509 a
431 2467 499 2529 quo
514 2445 822 2527 circumscribitur,
834 2446 1048 2530 continetur,
1064 2445 1236 2511 influxum
1250 2443 1397 2532 recipit',
1414 2468 1476 2531 per

331 2570 473 2635 eandem
493 2570 659 2656 regulam.
681 2569 849 2635 Similiter
868 2577 945 2635 octo
965 2570 1042 2635 aliis
1067 2571 1176 2636 modis
1194 2593 1256 2658 per
1275 2569 1476 2635 similitudi·

330 2719 409 2762 nem
428 2696 568 2782 regulae
589 2695 619 2759 D
640 2696 684 2761 ab
703 2696 779 2782 ipsa
798 2697 917 2781 regula
935 2696 971 2760 Κ
990 2696 1034 2761 ad
1052 2696 1142 2761 hanc
1160 2697 1195 2762 H
1213 2694 1476 2777 transferendis,

331 2820 372 2884 de
393 2821 519 2905 quibus
540 2820 643 2886 infra.

265 3079 309 3143 20
541 3076 605 3142 DE
641 3077 829 3144 OCTAVA
864 3079 1057 3146 REGVLA
1090 3078 1200 3145 'VBI'
1234 3080 1260 3144 I.

818 3268 844 3306 X.
861 3267 994 3307 Membrum.
1500 3270 1526 3319 θ
1548 3258 1601 3321 8¹*

421 3454 584 3532 Quaestio
603 3456 694 3521 'ubi‘
714 3456 906 3543 praedictas
931 3457 1098 3542 sequitur,
1117 3464 1196 3544 post
1212 3457 1304 3522 enim
1321 3464 1472 3544 tempuS,

333 3579 424 3665 quod
456 3581 584 3666 partim
617 3580 754 3646 adsistit
791 3581 917 3667 partim
947 3581 1118 3664 inexistit,
1148 3590 1244 3649 extat
1273 3583 1383 3665 locuS,
1415 3583 1474 3669 qui

333 3705 443 3792 magis
463 3706 694 3771 extrinsecum
714 3705 878 3791 quidest,
904 3714 1062 3793 respectu
1081 3708 1326 3793 cuiuscumque
1346 3707 1474 3793 dequo

266 3836 310 3899 25
334 3838 385 3896 cst
405 3831 568 3916 quaestio.
588 3831 738 3917 Tempus
756 3829 847 3895 euim
864 3837 939 3895 tum
957 3831 1048 3896 circa
1066 3853 1152 3914 rem,
1170 3839 1244 3897 tum
1264 3833 1270 3913 Ι
1291 3832 1329 3897 iu
1345 3855 1381 3897 re
1398 3833 1474 3919 ipsa
1501 3845 1612 3910 675

334 3958 518 4023 consistere
536 3958 686 4040 videtur,
703 3957 795 4022 'ubi’
813 3979 893 4022 vero
914 3966 947 4020 ct
966 3957 1060 4021 locus
1080 3965 1217 4022 tautum
1242 3958 1474 4024 circumcirca.

332 4082 450 4168 Ipsum
470 4104 606 4167 quoque
626 4081 810 4169 dupliciter
830 4081 1081 4164 consideratur,
1101 4090 1136 4147 et
1159 4082 1321 4147 videlicet
1341 4091 1380 4148 ut
1402 4105 1480 4149 oon·

333 4205 469 4272 tinuum
497 4207 669 4291 quoddam
692 4206 851 4292 partibus
870 4205 1075 4294 positionem
1105 4205 1149 4271 ad
1174 4206 1326 4272 invicem
1349 4207 1477 4273 haben·

424 4471 441 4523 9
457 4476 511 4521 etc.
528 4471 564 4522 P:
579 4479 608 4522 ot
620 4479 733 4524 caetera
746 4471 798 4522 Ae
861 4473 892 4523 24
908 4474 1106 4544 qu'uscunque
1123 4476 1161 4529 G:
1176 4477 1376 4546 cuiuscunque
1391 4480 1415 4532 A
