3414 5122
301 409 339 469 78
438 424 576 470 [canam
596 423 698 469 Bavnl
720 423 879 468 Puaarn'r.
901 424 936 467 IN
957 423 1115 469 TRIGINTA
1138 421 1294 467 alumnos
1387 419 1394 433 '

299 583 403 648 gorae
433 561 682 646 meliorumque
711 560 993 649 philosophorum
1024 559 1214 625 sententias
1243 556 1439 646 probandas

299 688 355 753 vel
374 686 418 753 ad
436 686 594 774 proprias
617 708 792 771 novasque
810 685 1000 774 positiones
1019 682 1236 751 adducendas
1260 682 1368 749 dilabi
1394 681 1443 747 vi·

300 812 473 897 dabimur,
491 812 521 878 si
539 812 623 878 haec
642 811 780 878 comuni
798 811 1032 899 probataeque
1050 810 1131 876 fidei
1147 809 1284 876 obstare
1302 807 1440 875 videan-

300 946 371 1025 tur,
392 962 432 1005 ea
451 939 526 1027 ipsa
549 962 570 1005 a
593 938 693 1005 nobis
716 960 787 1004 non
806 944 974 1023 tanquam
1004 937 1161 1004 absolute
1190 957 1284 1019 vera,
1316 934 1375 1002 sed
1403 941 1443 1000 ut

256 1074 277 1137 ὃ
301 1065 416 1131 sensui
429 1071 635 1150 nostraeque
646 1062 774 1131 rationi
791 1064 902 1150 magis
919 1084 1083 1146 consona,
1100 1062 1155 1128 vel
1172 1061 1296 1127 saltem
1309 1061 1442 1139 miluus
1466 1083 1497 1133 a
1510 1070 1564 1131 4ν

301 1191 410 1257 altera
428 1189 713 1258 contradictionis
732 1195 831 1276 parte
850 1189 991 1271 absona,
1012 1187 1148 1276 prolata
1167 1186 1379 1272 intelligant.
1400 1184 1445 1250 Il-

300 1315 429 1401 ludque
439 1316 477 1381 in
489 1314 689 1381 memoriam
709 1321 884 1398 revocent,
897 1336 960 1379 nos
977 1312 1071 1379 haud
1089 1318 1227 1378 tantum
1243 1311 1285 1377 de
1301 1311 1443 1399 propria

301 1440 445 1506 scientia
475 1462 704 1528 praesumere,
734 1446 903 1525 quantum
932 1443 1120 1505 commotos
1149 1459 1221 1502 esse
1254 1436 1298 1502 ab
1329 1457 1444 1502 amore

302 1565 574 1632 manifestandae
585 1564 837 1631 imbecillitatis
852 1565 1016 1649 vulgatas
1034 1560 1273 1650 philosophiae
1288 1562 1445 1629 absolute

238 1708 281 1772 10
303 1691 433 1758 credita
459 1698 637 1780 tamquam
664 1690 934 1758 demonstrative
963 1689 1109 1777 probata
1140 1689 1375 1772 obtrudentis,
1411 1694 1445 1753 et

302 1841 364 1907 per
382 1817 610 1888 discussiones
628 1828 765 1888 nostras
785 1820 828 1905 (si
846 1819 933 1885 illud
951 1843 970 1885 a
990 1818 1067 1884 Diis
1087 1817 1240 1901 dabitur)
1264 1824 1444 1905 appareat,

304 1952 471 2031 quantum
488 1948 646 2032 regulato
664 1948 780 2015 sensui
795 1945 1042 2032 respondeant,
1063 1944 1271 2032 veritatique
1291 1944 1449 2011 substan-

303 2073 374 2140 tiae
392 2097 506 2141 rerum
536 2082 741 2161 consonent,
770 2097 857 2160 quae
877 2097 897 2140 a
921 2073 1134 2159 plebeiorum
1163 2071 1447 2160 philosophorum

303 2201 478 2287 garriente
498 2202 721 2268 multitudine
739 2207 917 2286 tamquam
933 2221 1068 2265 asensu
1086 2199 1200 2265 aliena
1219 2205 1301 2266 sunt
1320 2199 1447 2286 impro-

239 2333 281 2397 15
303 2326 395 2393 bata.
427 2327 575 2394 Interim
611 2328 719 2395 nolim
754 2334 792 2393 ut
823 2324 1110 2413 quemadmodum
1141 2332 1296 2415 tempore
1325 2325 1448 2392 diluvii

306 2450 481 2519 asinorum
498 2458 648 2519 stercora
664 2452 764 2519 malis
779 2452 891 2518 aureis
905 2452 1069 2518 dixerunt
1087 2451 1173 2518 ‘Nos
1193 2473 1330 2538 quoque
1345 2473 1449 2539 poma

305 2576 489 2663 natamus’,
513 2578 564 2644 ita
582 2600 676 2645 nunc
695 2577 837 2644 cuilibet
853 2578 960 2650 stulto
976 2583 1011 2642 et
1026 2577 1123 2643 asino
1139 2578 1243 2644 liceat
1258 2577 1296 2643 in
1313 2583 1448 2643 nostras

305 2702 495 2789 positiones
518 2702 576 2768 hic
600 2702 654 2771 vel
674 2703 771 2787 alibi,
791 2703 856 2769 hoc
874 2703 929 2768 vel
952 2702 1020 2768 alio
1050 2701 1153 2768 modo
1174 2703 1328 2789 prolatas
1347 2702 1448 2769 obru-

305 2827 398 2910 dere;
414 2829 472 2895 sed
487 2830 516 2895 si
533 2829 593 2917 qui
610 2830 682 2896 eius
700 2836 781 2895 sunt
798 2829 907 2914 tituli,
924 2829 1109 2916 dignitatis
1127 2830 1183 2896 vel
1200 2829 1448 2917 sufficientiae,

239 2969 284 3032 20
306 2960 345 3021 ut
364 2964 483 3022 nostro
503 2978 688 3043 congressu
707 2956 824 3042 aliqua
842 2955 977 3022 ratione
999 2979 1070 3023 non
1088 2955 1283 3024 habeantur
1301 2958 1449 3045 indigni,

306 3088 342 3148 et
371 3083 495 3169 quibus
530 3083 604 3150 sine
638 3082 847 3149 conditionis
880 3091 1019 3151 nostrae
1051 3084 1216 3152 dedecore
1244 3086 1450 3173 respondere

306 3208 492 3295 possimus,
516 3208 691 3276 hominem
713 3209 1011 3296 promptissimum
1035 3216 1070 3274 et
1092 3210 1365 3298 paratissimum,
1389 3234 1451 3298 per

309 3354 410 3418 quem
428 3334 564 3421 pondus
582 3335 711 3402 virium
727 3358 866 3402 suarum
885 3336 1026 3402 valeant
1045 3336 1208 3423 experiri,
1229 3337 1449 3423 comperient.

307 3458 440 3525 Valete.
