3414 5122
541 449 680 496 reanum
703 449 791 497 BRVN
793 451 804 496 1
825 452 983 499 TRIGINTA
1005 454 1133 499 SIGILLI.
1370 440 1407 500 79

687 900 991 977 PHILOTHEI

297 1143 666 1253 IORDANI
725 1142 995 1253 BRVNI
1054 1145 1378 1255 NOLANI

610 1385 844 1455 TRIGINTA
885 1386 1072 1455 SIGILLI.

807 1587 867 1597 4ιι.-

354 2168 485 2249 Habes,
508 2166 741 2234 illustrissime
760 2173 795 2233 et
814 2165 1098 2234 excellentissime
1122 2168 1282 2253 Domine,
1308 2168 1409 2255 Sigil-

221 2294 243 2358 5
265 2295 378 2359 lorum
398 2294 451 2357 30.
470 2292 678 2379 congeriem,
702 2291 826 2378 quibus
846 2291 889 2358 ad
908 2293 1078 2360 trutinam
1097 2293 1245 2360 redactis
1268 2293 1411 2380 inquisi-

266 2418 330 2504 tio,
350 2417 507 2484 inventio
527 2424 561 2483 et
580 2417 729 2483 retentio
749 2416 880 2484 affabre
899 2418 1077 2484 succedere
1096 2420 1246 2485 valeant.

704 2626 974 2746 oa'eAuPO,

677 2807 715 2855 qut
736 2807 822 2858 prunus
846 2810 881 2847 est
902 2806 1001 2857 Slglllua.

357 2973 509 3062 Campus
525 2979 577 3039 est
592 2973 725 3060 primus
741 2974 887 3061 sigillus.
907 2974 975 3040 Hic
990 2997 1032 3041 ex
1047 2975 1117 3042 illis
1136 2974 1314 3063 speciebus
1334 2996 1412 3040 con-

202 3092 245 3156 10
267 3097 370 3164 fletur
397 3106 546 3185 oportet,
568 3074 713 3185 quarum
733 3098 915 3166 simulacra
944 3099 982 3164 in
1009 3100 1249 3187 phantasticae
1267 3099 1411 3166 faculta-

266 3222 312 3289 tis
331 3224 543 3311 amplissimo
559 3225 638 3291 sinu
653 3224 730 3291 ideo
746 3225 984 3308 continentur,
1008 3232 1048 3291 ut
1067 3226 1158 3292 iacta
1174 3225 1409 3292 intentionum

266 3355 301 3414 et
319 3348 626 3435 phantasiabilium
645 3350 885 3417 universorum
904 3351 1035 3417 semina
1051 3351 1089 3417 in
1108 3357 1306 3438 exoptatam
1323 3373 1409 3416 mes·

266 3497 337 3540 sem
360 3481 596 3561 promoveant.
617 3474 721 3541 Hunc
749 3474 867 3560 etiam,
897 3498 965 3561 quo
994 3475 1094 3542 nobis
1122 3477 1272 3542 maxime
1298 3475 1409 3542 subsit

266 3599 450 3683 officiosus,
480 3599 517 3664 in
547 3622 604 3665 eas
633 3599 858 3667 distributum
886 3624 958 3668 esse
980 3601 1153 3667 voluimus
1172 3607 1302 3688 partae,
1323 3624 1411 3687 quae

202 3733 242 3797 15
266 3727 459 3809 sensibiles,
487 3726 669 3794 mediocris
693 3726 931 3812 dimensionis,
955 3751 1025 3794 non
1049 3728 1247 3795 excellentis
1271 3751 1334 3794 nec
1358 3727 1409 3794 di·

267 3853 422 3919 minutae
453 3853 727 3941 perspicuitatis,
764 3854 932 3938 diversae,
967 3853 1181 3935 differentes,
1217 3852 1407 3938 ordinatae,

267 3978 540 4064 congruentibus
575 3980 745 4065 sepositae
772 3978 1015 4064 seiunctaeque
1042 3978 1248 4062 intervalliS,
1276 3978 1319 4045 ad
1346 3977 1409 4043 hu·

266 4123 447 4170 manorum
472 4104 691 4171 brachiorum
711 4106 923 4172 elevatarum
950 4105 1169 4171 altitudinem
1196 4112 1230 4170 et
1257 4110 1410 4170 extento·

265 4252 344 4297 rum
369 4231 649 4318 amplitudinem,
663 4231 892 4299 adiectivatae
912 4232 1142 4315 animataeve,
1159 4231 1409 4316 exquisitarum

355 4452 372 4500 8
389 4449 518 4515 Sygillus
585 4451 616 4502 10
634 4456 768 4516 quatrum
787 4450 961 4502 simulachra
977 4451 1007 4500 in
1023 4448 1207 4515 phantasiae
1271 4449 1302 4499 12
1322 4448 1408 4516 phan-

265 4530 457 4585 taasiabilium
521 4531 561 4584 15.
573 4533 605 4584 16
621 4533 638 4585 l.
655 4532 821 4585 deminutae
885 4533 923 4582 18.
935 4532 965 4583 19
982 4535 1182 4585 catenatorum
