3414 5122
528 448 724 495 axenrcrrro
745 449 904 496 rarerurn
925 448 1133 495 slautoavu.
1255 425 1257 429 ’
1346 432 1402 492 123

258 608 399 673 induas
418 607 594 694 generales
614 606 801 672 dividimus
820 615 948 693 partes,
975 627 1121 691 quarum
1148 605 1257 671 altera
1283 605 1329 670 sit
1356 604 1400 670 ad

259 740 376 821 partes
394 732 638 819 hemisphaerii
654 731 854 818 superioris,
868 731 1031 797 alteraad
1042 739 1157 819 partes
1169 729 1402 816 helmisphae-
1426 741 1457 790 a
1479 727 1529 789 2¹·

260 858 305 924 rii
324 859 497 925 inferioris
515 858 783 945 praesentandas
803 858 975 942 ordinata3
992 858 1116 925 dehinc
1132 865 1279 942 utraque
1294 855 1404 922 dicta·

260 1005 337 1048 rum
355 984 508 1070 partium
528 992 675 1069 quatuor
694 983 760 1049 sibi
781 983 909 1049 cubilia
934 984 1070 1070 seligat,
1090 990 1129 1048 ut
1148 982 1301 1070 primum
1320 979 1406 1046 refe·

217 1107 315 1175 urat
335 1109 563 1194 quadrantem
582 1109 783 1176 orientalem
815 1109 857 1174 ab
889 1108 1133 1194 aequinoctiali
1162 1107 1207 1173 ad
1236 1107 1404 1172 arcticum

261 1235 393 1322 polum,
427 1235 615 1302 secundum
648 1233 907 1316 occidentalem,
944 1233 1086 1302 tertium
1120 1234 1325 1301 orientalem
1360 1232 1405 1299 ad

261 1362 380 1449 polum
399 1360 644 1445 antarcticum,
664 1366 825 1446 quartum
845 1358 1101 1427 occidentalem.

352 1485 449 1552 Sicut
467 1493 583 1551 autem
603 1484 835 1571 quadrantem
853 1484 1000 1571 singulis
1027 1484 1140 1551 tribus
1168 1484 1308 1571 angulis
1338 1491 1406 1550 ter-

263 1610 403 1693 minari,
424 1610 603 1697 tribusque
621 1610 723 1676 lineis
743 1608 869 1676 accidit
889 1608 1038 1693 definiri,
1058 1610 1108 1675 ita
1137 1609 1293 1696 ipsorum
1311 1609 1409 1674 cubi·

198 1747 241 1810 10
262 1737 349 1804 lium
368 1744 450 1804 sunt
469 1736 714 1824 concipiendae
733 1745 864 1824 partes,
884 1743 923 1804 ut
941 1760 1004 1824 pro
1031 1736 1171 1824 punctis
1195 1738 1251 1802 hic
1274 1735 1407 1823 polum,

264 1863 314 1929 ibi
325 1864 492 1950 angulum
503 1863 646 1929 orientis
658 1864 714 1928 vel
731 1863 933 1947 occidentis,
951 1863 1023 1928 illic
1037 1862 1205 1950 angulum
1226 1865 1231 1944 Ι
1251 1861 1408 1927 meridiei
1434 1847 1531 1911 531

264 1990 318 2054 vel
337 1989 532 2055 merinoctii
552 1995 697 2070 statuat,
718 2012 779 2074 pro
798 1988 899 2053 lineis
929 2011 1010 2054 vero
1040 1987 1096 2053 hic
1128 1985 1329 2069 meridiani,
1360 1986 1410 2051 ibi

265 2117 476 2203 aequinoctii
495 2118 551 2181 vel
570 2115 788 2202 aequidialis,
807 2115 856 2180 ibi
871 2114 1059 2181 horizontis
1076 2104 1272 2201 portionem
1291 2112 1409 2179 termi-

265 2248 408 2307 nantem
425 2241 613 2327 intelligat;
633 2263 781 2327 moxque
801 2240 844 2305 ad
862 2241 1014 2326 partium
1033 2238 1294 2305 referendarum
1318 2238 1408 2304 situs

201 2372 241 2436 15
265 2373 300 2431 et
317 2365 539 2446 habitudines
557 2366 758 2454 respiciens,
778 2365 880 2430 facile
899 2365 1053 2430 omnium
1067 2373 1177 2450 atque
1188 2364 1405 2450 singulorum

265 2491 472 2577 exquisitam
491 2491 621 2578 poterit
639 2497 761 2557 nactus
781 2512 853 2556 esse
872 2489 1115 2577 praesentiam.

545 2754 660 2805 Catenae,
676 2755 828 2803 questurum
843 2756 877 2793 est
892 2750 990 2802 sigillus,
1006 2751 1138 2803 explicatio.

356 2963 505 3029 Catenae
524 2961 790 3047 explicationem
808 2960 914 3026 habes
931 2960 968 3024 in
991 2959 1185 3025 intentione
1209 2957 1409 3023 deeimater-

266 3091 317 3156 tia
343 3089 425 3156 libri
449 3089 505 3153 De
530 3087 682 3153 umbris
710 3087 906 3168 idearum,
937 3109 1024 3172 quae
1054 3085 1193 3172 quidem
1219 3084 1406 3170 dupliciter

200 3224 245 3288 20
267 3215 452 3283 usuvenire
475 3215 579 3296 valet,
601 3218 722 3300 utpote
745 3212 789 3279 ad
812 3213 925 3299 ipsum
945 3211 1124 3293 iudicium,
1145 3234 1222 3277 cum
1241 3211 1407 3299 perhanc

266 3364 381 3407 rerum
400 3340 587 3406 habeamus
605 3338 792 3420 rationem,
822 3360 890 3423 qua
909 3344 1003 3403 certa
1021 3337 1108 3402 serie
1126 3337 1254 3422 gradus
1274 3337 1407 3402 entium

266 3467 539 3554 contemplantes
558 3464 795 3550 intelligamus
814 3488 929 3531 veram
949 3464 1218 3549 distinctumque
1243 3463 1409 3549 cuiusque

267 3595 449 3662 essentiam
472 3593 581 3658 veluti
606 3593 643 3656 in
667 3599 785 3658 centro
806 3592 954 3677 quodam
973 3614 1044 3657 esse
1064 3591 1326 3670 consistentem,
1349 3588 1410 3653 ubi

267 3722 376 3788 altera
407 3742 494 3804 quae
522 3718 678 3805 superior
706 3725 758 3783 est
793 3717 1089 3783 circumferentiae
1121 3724 1220 3803 parte
1253 3715 1410 3780 infimum

200 3858 244 3921 25
267 3854 412 3913 naturae
443 3844 619 3932 proximae
639 3844 824 3931 superioris
843 3843 990 3930 gradmn
1009 3844 1169 3929 attingit,
1191 3845 1299 3908 altera
1331 3862 1411 3907 vero

266 3971 348 4037 huic
371 3971 529 4058 opposita
553 3979 699 4037 naturae
717 3970 873 4057 proxime
895 3973 898 4054 l
919 3968 1094 4035 inferioris
1115 3990 1274 4056 supremo
1302 3967 1413 4032 conti·
1436 3981 1467 4030 a
1488 3968 1541 4029 ἓν

268 4108 412 4181 nuatur;
433 4099 582 4165 seeundo
607 4098 650 4164 ad
678 4098 913 4163 intentionum
942 4096 1171 4162 retentionem
1200 4092 1412 4176 faciendam,

275 4263 570 4276 ——-——-—--———
776 4253 1407 4268 ——-——-——·—-·—-—-··--·-·

363 4352 538 4418 lquertum
561 4349 822 4401 meridionalomG
889 4349 918 4398 1ss
942 4349 1082 4398 orizontis
1103 4346 1127 4395 P
1191 4345 1292 4395 17018
1317 4344 1415 4393 Cethe·

268 4433 363 4486 naeP
427 4433 456 4482 19
475 4432 514 4481 De
526 4430 626 4481 umbria
640 4428 763 4480 idearum
774 4447 803 4494 p.
819 4431 854 4479 27
867 4446 922 4494 sqq.
937 4429 1019 4479 Imbr.
1083 4425 1415 4492 &superiorl'rinin

269 4515 369 4566 feriori
381 4528 435 4577 per
447 4509 585 4562 malintero
600 4512 623 4562 G
