3414 5122
788 448 929 494 mmmm
950 449 1051 495 imvm

496 739 679 804 PRIMAE
712 737 856 804 HVIVS
891 737 1062 803 PARTIS
1095 737 1338 804 EPILOGiS.

833 976 851 1015 1.
868 975 1002 1015 Membrum.

434 1184 485 1248 De
505 1182 550 1247 iis
569 1204 664 1269 ergo,
693 1204 780 1268 quae
810 1181 921 1266 primo
951 1181 1277 1266 generalissimeque
1307 1183 1350 1248 ad
1381 1187 1490 1247 artem

1510 739 1601 801 13¹*

344 1308 448 1373 istam
482 1307 676 1395 pertinent,
710 1307 843 1372 dictum
882 1314 934 1372 est
969 1313 1073 1392 atque
1105 1306 1328 1389 distinctum,
1365 1306 1489 1371 allatae
1531 1350 1537 1365 .

302 1437 323 1501 5
347 1439 428 1499 sunt
447 1432 577 1498 ordinis
601 1454 720 1498 eorum
743 1432 904 1499 rationes.
934 1433 1042 1497 Porro
1072 1432 1153 1497 licet
1183 1454 1225 1496 ex
1253 1431 1488 1518 superioribus

345 1557 447 1622 multi
465 1556 598 1622 fuerint
616 1565 770 1622 rotarum
794 1557 931 1622 ordines
951 1556 1105 1638 adducti,
1125 1580 1167 1622 ex
1186 1557 1229 1623 iis
1247 1563 1365 1622 tamen
1383 1556 1491 1622 omni·

346 1683 410 1748 bus
439 1689 602 1769 quatuor,
634 1683 694 1767 qui
724 1682 761 1747 in
796 1683 1082 1749 combinatoriam
1109 1682 1247 1769 praxim
1281 1681 1489 1764 referuntur,

348 1808 512 1873 memoria
545 1808 717 1874 retinendi
751 1816 850 1874 sunt:
884 1810 1015 1896 figurae
1048 1808 1211 1874 videlicet
1245 1807 1490 1890 subiectorum,

348 1933 584 1998 absolutorum
602 1933 894 2020 praedicatorum,
915 1935 1185 2022 respectivorum
1205 1933 1492 2022 praedicatorum,

285 2069 327 2131 10
348 2066 383 2124 et
411 2059 619 2146 regularum.
650 2059 823 2138 Quoniam
850 2083 932 2126 vero
960 2061 997 2125 in
1026 2061 1121 2126 omni
1148 2061 1327 2148 proposito
1358 2082 1493 2145 semper

350 2206 457 2249 unum
477 2185 547 2249 iam
565 2184 832 2250 determinatum
851 2184 1139 2271 designatumque
1158 2186 1351 2250 subiectum
1369 2183 1493 2270 accipi-

349 2315 422 2393 tur,
453 2308 528 2374 ideo
558 2330 622 2396 pro
652 2309 856 2375 necessitate
886 2309 993 2375 trium
1031 2309 1269 2377 tantummodo
1304 2310 1494 2395 figurarum

351 2438 451 2518 (quae
468 2441 548 2498 sunt
568 2433 609 2498 de
626 2434 668 2499 iis
688 2457 774 2519 quae
794 2435 885 2500 eirea
905 2435 1072 2517 subiecta)
1089 2435 1289 2500 memoriam
1308 2434 1494 2521 promptis·

351 2558 473 2624 simam
491 2558 618 2623 habero
637 2565 793 2645 oportet3
814 2559 973 2644 quamvis
996 2568 1031 2625 et
1055 2582 1118 2625 usu
1138 2558 1255 2624 venire
1278 2559 1413 2646 possint
1431 2580 1495 2647 per

287 2697 327 2762 15
351 2683 496 2769 angulos
516 2684 684 2749 secundae
702 2683 833 2769 figurae
852 2684 896 2749 ad
915 2684 1148 2768 cuiuscunque
1177 2683 1396 2770 particularis
1417 2683 1495 2749 sub-

350 2808 432 2873 iecti
448 2809 665 2896 propositum
682 2816 816 2874 caetera
833 2809 949 2875 onmia
966 2808 1134 2876 adieetive
1149 2818 1263 2897 cripta,
1279 2815 1318 2874 ut
1331 2809 1376 2874 sit
1393 2808 1494 2874 homo

351 2931 503 3018 divimm,
528 2933 716 3019 angelic11S‚
738 2934 1174 3021 coelestis,i1naginativus
1195 2941 1273 3015 etc„
1288 2935 1496 2999 elementum

351 3057 521 3139 ditinum,
546 3058 806 3144 imaginarium,
830 3059 1031 3139 humanum,
1059 3070 1240 3145 quantum,
1260 3061 1390 3126 iustum
1413 3065 1494 3141 etit,

352 3182 408 3246 vel
427 3182 645 3247 substantive
664 3192 819 3270 accepta,
845 3185 906 3250 ubi
928 3185 1030 3249 homo
1051 3183 1249 3250 differenter
1278 3184 1334 3250 vel
1362 3205 1498 3249 concor·

284 3318 329 3379 ⁸20
353 3307 475 3371 danter
494 3308 550 3372 vel
568 3308 636 3373 alio
656 3308 757 3374 modo
777 3309 924 3375 sumitur
944 3333 1021 3376 cum
1040 3311 1199 3375 omnibus
1220 3310 1307 3375 aliis.

442 3609 458 3657 2
476 3608 499 3657 I.
514 3607 675 3658 Membrum
688 3625 736 3658 om.
754 3608 778 3659 (2¹
842 3609 1032 3673 tallataequr
1049 3607 1073 3658 (3
