3414 5122
550 449 747 495 superenne
768 450 924 497 'rammre
946 450 1158 496 sreranoavu.
1364 437 1418 495 141

281 600 448 687 plicatum
462 601 593 668 lineum
609 603 744 690 concipi
759 601 894 689 dieique
910 609 1033 690 potest.
1051 604 1144 670 Hine
1161 609 1195 669 et
1211 625 1272 690 per
1288 604 1426 668 olavum

282 726 421 792 realiter
439 727 494 792 vel
514 727 719 814 imaginarie
737 728 902 813 adfixum,
920 728 972 794 uti
988 727 1137 794 ferream
1156 749 1296 815 possum
1314 727 1430 793 eonci-

282 873 363 937 pere
381 851 586 918 columnam.

476 1134 634 1185 centurionis,
649 1136 688 1185 qui
703 1133 913 1184 doolmusseptlmus
930 1137 965 1174 est
980 1135 1082 1184 sigillus,
1098 1134 1228 1185 explicatio.

240 1352 262 1414 ὃ
373 1350 441 1415 Pro
479 1349 738 1417 substernendis
776 1349 1054 1438 apparandisque
1091 1348 1214 1435 primis
1251 1346 1428 1430 mediatis,

284 1475 450 1562 proximis
470 1475 746 1561 immediatisque
764 1475 922 1563 partibus
942 1473 1181 1540 intentionum
1199 1471 1430 1558 generalium,

284 1601 340 1668 vel
359 1600 591 1667 subiectorum
610 1601 857 1684 communium,
876 1600 932 1665 vel
946 1598 1138 1665 formarum
1155 1596 1429 1685 applicabilium,

286 1749 374 1812 quae
409 1725 454 1791 ad
481 1726 718 1792 inventionem
750 1726 806 1792 vel
833 1725 877 1790 ad
904 1724 1134 1789 retentionem
1164 1721 1427 1806 ordinabantur,

286 1851 425 1917 difficile
444 1858 495 1917 est
514 1851 636 1917 melius
653 1852 709 1918 vel
728 1851 839 1917 simile
859 1850 1046 1916 artificium
1066 1847 1296 1915 adinvenisse.

222 1982 264 2045 10
375 1976 451 2042 Hae
469 1983 543 2042 arte
566 1976 685 2042 statim
705 1975 747 2041 de
765 1975 884 2041 multis
904 1980 1002 2060 (quos
1021 1997 1091 2040 non
1116 1973 1219 2039 facile
1238 1996 1301 2039 neo
1320 1972 1429 2038 brevi-

287 2105 340 2166 ter
367 2101 519 2166 naturali
549 2102 604 2167 vel
627 2101 715 2167 alius
738 2100 831 2166 modi
854 2099 1040 2167 artificiosa
1074 2099 1246 2166 facultate
1280 2097 1430 2164 retinere

286 2224 452 2308 valemus)
484 2226 579 2312 quid,
609 2233 772 2314 quantus,
804 2233 942 2314 quotue,
975 2232 1162 2312 quantum,
1194 2223 1255 2290 ubi
1286 2231 1321 2289 et
1349 2244 1443 2308 quo.

287 2349 389 2416 modo
418 2350 563 2437 quisque
595 2352 736 2436 referat,
767 2352 913 2418 firmiter
942 2351 1160 2418 habebimus.
1191 2349 1267 2415 Hae
1297 2348 1430 2415 ratione

287 2474 419 2540 ditatur
438 2477 708 2544 Arithmetrieus
727 2500 786 2544 seu
805 2478 1029 2560 Numerator,
1050 2477 1112 2562 qui
1132 2482 1183 2541 est
1204 2474 1339 2560 sigillus
1355 2495 1430 2560 pro·

222 2606 263 2670 lb
286 2600 377 2667 xime
411 2601 541 2686 diotus;
578 2603 813 2670 exordinatis
847 2604 939 2669 enim
972 2602 1096 2689 patriis
1131 2600 1236 2667 habes
1271 2598 1430 2665 ordinata

287 2727 501 2811 oentenaria,
537 2751 578 2794 ex
609 2729 801 2815 patriarum
834 2726 1069 2794 subordinatis
1108 2724 1214 2792 variis
1251 2723 1430 2790 hominum

287 2850 543 2918 conditionibus
581 2854 690 2941 ipsas,
731 2876 818 2939 quae
857 2852 962 2918 simili
1000 2859 1102 2939 paeto
1141 2849 1271 2936 digitos
1309 2849 1429 2914 subsu-

287 2986 386 3044 munt
417 3002 595 3066 numeros,
629 2981 871 3048 subordinatas
905 2977 1050 3045 decades
1085 2977 1248 3060 habebiS,
1284 2996 1429 3061 quarum

286 3106 426 3172 tandem
456 3107 647 3174 individuis
671 3108 714 3174 ad
745 3129 848 3195 opera
872 3107 927 3172 vel
955 3104 1243 3171 inveniendorum
1272 3102 1326 3169 vel
1351 3101 1431 3167 reti-

219 3238 264 3300 20
286 3234 477 3301 nendorum
509 3235 762 3323 persequenda,
792 3233 944 3301 numeris
974 3232 1135 3319 pluribus
1164 3230 1345 3312 absolutis,
1376 3229 1429 3295 uti

286 3364 410 3430 valeas.

453 3642 563 3687 Quadrati
578 3639 694 3694 lluoyolll,
709 3641 747 3689 qul
763 3638 956 3679 duodevloeslmus
971 3636 1120 3688 6111511111,
1136 3637 1266 3687 explicatio.
1453 3619 1483 3679 b
1502 3621 1556 3681 4ν

376 3861 558 3949 Duplioem
587 3860 751 3925 babemus
782 3860 933 3946 primum
967 3855 1235 3942 generalemque
1270 3851 1425 3935 modum,

285 4013 347 4079 per
367 4010 467 4076 quem
487 3986 577 4051 eirea
596 3984 762 4073 disposita
786 3984 943 4050 ordinate
962 3982 1154 4068 inquiritur
1174 3987 1208 4046 et
1232 3978 1426 4059 invenitur,

219 4127 262 4191 25
287 4116 414 4202 quique
433 4111 609 4200 dispositis
628 4108 925 4198 repraesentandis
942 4114 1045 4195 atque
1061 4105 1253 4172 retinendis
1270 4102 1427 4191 apprime
1454 4109 1562 4172 536

287 4248 338 4306 est
357 4238 646 4305 adcommodatus.

380 4519 571 4570 llintoumG
632 4517 811 4569 2111111110
874 4518 1064 4570 uoabsolutis
1077 4519 1122 4568 uti
1136 4517 1163 4566 P
