3414 5122
513 429 709 476 sarracino
730 432 889 477 aaronem
911 431 1120 477 erumnosus.
1347 415 1403 474 125

255 596 321 656 tur.
352 591 405 657 De
435 612 640 676 quocunque
662 590 754 656 enim
778 592 932 657 subiecto
956 613 1034 656 cum
1054 590 1059 677 Ι
1081 589 1193 655 dicere
1220 589 1394 670 volumus,
1421 598 1452 647 a
1472 584 1524 646 3‘

254 716 327 782 sive
345 739 387 781 ex
405 716 528 782 alienis
551 716 704 782 inventis
728 717 941 803 colligentes,
967 718 1040 783 sive
1064 739 1106 782 ex
1135 715 1263 781 nostris
1293 715 1400 780 medi-

256 842 448 910 tationibus
472 849 674 925 emeteuteS,
699 843 749 909 ita
779 843 925 909 facimus
955 850 993 909 ut
1024 843 1061 908 in
1092 843 1205 929 ipsum
1239 839 1334 906 velut
1364 840 1402 905 iu

256 968 412 1035 arborem
439 967 675 1055 respicientes,
700 968 812 1054 primo
838 969 910 1034 eius
940 968 1087 1050 radiceS,
1112 975 1199 1055 puta
1226 964 1400 1053 principia

212 1085 455 1180 boriginalia,
486 1115 605 1159 causas
634 1101 669 1160 et
698 1095 880 1177 elementa;
911 1093 1035 1159 deinde
1066 1093 1236 1180 stipitem,
1271 1091 1292 1156 i.
1325 1112 1403 1177 pro·

256 1218 370 1305 priam
389 1219 573 1285 essentiam
600 1225 634 1284 et
658 1242 744 1305 esse,
769 1242 849 1285 mox
873 1242 1005 1302 ramos,
1031 1219 1052 1283 i.
1084 1217 1273 1306 potentias,
1297 1216 1404 1282 facul-

257 1349 346 1409 tates
376 1351 480 1429 atque
508 1344 668 1424 virtutes3
698 1343 845 1410 subinde
875 1342 973 1426 folia,
1004 1348 1090 1431 puta
1115 1341 1306 1408 accidentia
1325 1362 1403 1428 pro·

257 1468 334 1556 pria
353 1475 387 1534 et
408 1468 701 1550 circumstantias;
724 1469 869 1555 proinde
892 1468 1007 1553 flores,
1038 1474 1160 1555 utpote
1189 1467 1340 1533 actiones
1369 1473 1404 1531 et

258 1593 487 1682 operationes;
511 1602 587 1660 tum
611 1593 749 1661 demum
767 1594 915 1676 fnrctus,
945 1593 1007 1679 qui
1038 1600 1119 1659 sunt
1151 1599 1247 1658 actus
1274 1600 1308 1658 et
1327 1613 1403 1679 ope-

195 1720 237 1783 10
258 1742 310 1803 ra,
331 1719 607 1805 considerentur,
627 1728 666 1785 ut
684 1742 723 1785 eo
743 1726 843 1806 pacto
869 1719 951 1785 ordo
983 1725 1064 1805 (quo
1092 1718 1273 1784 materiam
1293 1717 1405 1804 dispo-

259 1845 386 1928 nimus)
402 1845 655 1929 iuventionem,
670 1844 836 1911 iudicium
853 1852 887 1910 et
906 1845 1136 1911 retentionem
1152 1842 1403 1909 subministret.

349 1970 533 2055 Analytioe
558 1992 692 2055 quoque
715 1969 993 2057 procedentibus,
1019 1969 1121 2034 arbor
1154 1967 1318 2033 materiae
1349 1966 1404 2032 de-

259 2097 496 2163 monstrabilis
520 2103 709 2179 statuatur,
735 2097 832 2161 cuius
850 2118 912 2183 pro
934 2094 1108 2160 radicibus
1129 2117 1264 2176 seusus,
1284 2092 1405 2179 imagi-

260 2223 369 2300 natio,
385 2222 572 2309 persua-sic,
595 2221 787 2287 authoritas
806 2228 1008 2306 caeteraque
1027 2220 1064 2284 id
1079 2242 1188 2305 genus
1205 2218 1308 2284 fidem
1327 2240 1405 2283 con-

197 2353 238 2415 lr')
262 2346 445 2412 nitentium
464 2347 672 2428 habeantur,
698 2369 760 2432 pro
783 2346 922 2432 gemino
950 2345 1069 2431 stipite
1097 2342 1403 2430 investigationem

261 2471 519 2555 verificationiS,
540 2472 684 2538 alteram
705 2478 864 2558 exparte
883 2470 1044 2554 subiecti,
1064 2471 1211 2535 alteram
1231 2492 1274 2534 ex
1303 2475 1402 2555 parte

261 2596 463 2683 praedicati,
489 2604 523 2662 et
541 2619 604 2683 pro
625 2596 829 2684 complicato
849 2598 886 2661 iu
905 2595 1036 2682 gemini
1060 2594 1192 2681 stipitis
1220 2616 1405 2678 concursu,

263 2719 367 2786 habet
386 2721 562 2807 integrum
581 2744 622 2786 ex
642 2721 795 2786 subiecto
820 2721 1087 2808 praedicatoque
1113 2720 1340 2806 complexum.
1368 2717 1405 2783 Si

263 2847 391 2934 quippe
411 2847 601 2933 quaeritur,
623 2870 667 2912 an
691 2847 837 2912 materia
860 2847 906 2913 sit
936 2853 1028 2930 actu,
1057 2844 1293 2932 inspiciendae
1324 2849 1407 2909 sunt

195 2987 239 3052 20
262 2973 412 3038 rationes
431 2995 473 3036 ex
491 2979 589 3058 parte
608 2971 786 3056 materiae,
805 2970 1111 3038 rursum'ratioues
1128 2992 1170 3036 ex
1183 2977 1283 3057 parte
1299 2975 1405 3051 actus,

262 3097 413 3163 rationes
436 3096 623 3162 earundem
642 3120 684 3161 ex
702 3103 800 3184 parte
824 3095 1036 3162 actualitatis
1061 3094 1227 3160 materiei.
1259 3095 1407 3180 Propor-

247 3222 439 3288 ,tionaliter
467 3221 510 3289 ad
540 3243 714 3287 ramorum
744 3220 1004 3288 multitudinem
1033 3220 1223 3287 mediorum
1251 3218 1407 3285 admittit

261 3346 553 3436 mulititudinem,
575 3369 642 3432 quo
667 3346 735 3412 elia
755 3346 798 3412 ad
817 3369 940 3430 unum,
961 3347 1029 3412 alia
1048 3346 1091 3411 ad
1110 3346 1257 3411 alterum
1276 3344 1407 3431 stipitis
1433 3355 1539 3419 523

260 3478 438 3556 truncum,
458 3474 527 3539 alia
550 3473 593 3538 ad
617 3474 817 3539 universum
840 3474 995 3560 stipitem
1014 3472 1223 3539 referuntur.
1244 3470 1407 3537 Adsumit

195 3614 238 3677 25
262 3622 397 3686 quoque
427 3622 490 3686 pro
518 3598 690 3664 fructibus
722 3622 774 3682 ea,
806 3621 892 3684 quae
921 3622 962 3663 ex
994 3598 1162 3665 concessis
1191 3596 1313 3663 mediis
1337 3596 1407 3662 illis

263 3732 529 3809 consequuntur.
563 3726 631 3790 Pro
663 3724 909 3790 adsistentibus
943 3731 1048 3810 atque
1084 3722 1404 3805 circumstantibus,

262 3849 381 3916 eadem
403 3854 407 3936 t
427 3849 597 3915 diversam
618 3850 914 3936 multigenamque
941 3848 1067 3936 recipit
1092 3849 1245 3930 turbam,
1266 3847 1308 3912 do
1337 3869 1405 3932 qua
1430 3868 1461 3917 a
1481 3854 1534 3917 3ν

262 3974 323 4039 aiii
342 3974 546 4060 invigilant,
560 3974 620 4040 alii
641 3975 836 4059 quiescunt,
849 3975 909 4039 alii
926 3975 1106 4058 (dubitant,
1120 3973 1181 4040 alii
1201 3973 1405 4054 decernunt,

262 4100 322 4166 alii
340 4100 525 4185 hinniunt,
544 4101 740 4188 grunniunt
759 4102 831 4183 elii,
853 4101 913 4166 alii
934 4102 997 4166 sub
1018 4100 1112 4166 illius
1131 4099 1264 4165 arboris
1283 4097 1406 4164 umbra

804 4257 1079 4264 ψ*-
1338 4253 1397 4261 —-

356 4347 372 4394 ὅ
390 4359 506 4394 caussas
523 4345 546 4394 G
610 4345 680 4392 seo
693 4345 711 4393 i.
727 4344 763 4392 P:
785 4344 813 4392 id
831 4351 875 4392 est
894 4342 917 4390 (i
985 4343 1013 4391 10
1030 4341 1244 4391 consideremus
1260 4337 1408 4389 attendat}

264 4430 347 4490 pacto
366 4424 446 4487 (crdo
465 4440 522 4490 quo
542 4424 568 4473 Ρ
632 4424 662 4472 u
675 4439 688 4471 c
701 4424 731 4474 18
747 4424 906 4473 auctoritas
924 4439 936 4470 e
953 4420 1096 4472 habeatG
1161 4422 1191 4471 19
1204 4436 1217 4469 e
1228 4421 1258 4470 21
1276 4421 1409 4485 queritur

264 4503 464 4556 ecarudeml’
