3414 5122
577 425 621 470 oa
643 427 799 473 taurana
821 427 1079 476 conamaroam.
1340 417 1398 477 259

347 579 452 646 Cuius
473 580 611 665 quidem
632 581 762 667 figurae
780 582 893 649 forma
916 590 968 649 est
998 584 1187 669 circularis,
1217 594 1402 673 propterea
1426 605 1451 655 c
1472 594 1526 656 3¹¹

259 706 350 790 quod
370 708 535 774 terminos
557 709 712 774 continet
731 711 768 775 in
786 711 936 776 invicem
955 712 1207 777 convertibiles.
1228 712 1404 780 Termino-

257 854 334 897 rum
354 833 446 898 enim
465 834 526 898 alii
546 843 627 899 sunt
647 835 683 899 in
703 835 852 901 invicem
876 837 1131 921 convertibiles,
1152 844 1273 925 utpote
1293 862 1401 925 aeque

257 959 484 1045 universales,
504 960 565 1025 alii
584 982 665 1026 vcro
684 983 764 1026 non.

212 1090 233 1153 ὅ
346 1089 453 1154 Porro
483 1097 681 1176 praesentes
711 1090 853 1154 termini
872 1088 1057 1177 dupliciter
1087 1090 1297 1157 considerari
1325 1114 1402 1179 pos·

256 1220 352 1296 sunt;
372 1237 440 1281 uno
460 1215 560 1281 modo
580 1214 742 1280 videlicet
773 1216 810 1280 in
840 1216 954 1302 prima
977 1238 1094 1300 causa,
1115 1238 1174 1281 seu
1193 1216 1306 1303 primo
1326 1217 1404 1282 aub-

256 1337 345 1404 iecto
364 1362 425 1425 per
444 1341 474 1404 B
493 1339 704 1426 significate,
726 1349 759 1405 et
778 1340 829 1406 ita
853 1340 890 1405 in
914 1364 953 1405 ea
976 1341 1117 1406 termini
1147 1364 1265 1407 omnes
1296 1365 1403 1428 aeque

258 1472 339 1529 eunt
359 1465 617 1548 convertibiles,
637 1488 816 1550 nunquam
840 1466 933 1531 enirn
957 1466 1101 1535 alterum
1128 1467 1215 1531 alter
1234 1466 1271 1530 in
1288 1489 1328 1532 ea
1345 1489 1405 1554 po·

257 1595 326 1653 test
342 1588 513 1655 excedere.
527 1591 640 1655 Tanto
653 1591 745 1655 onim
762 1599 813 1656 cst
831 1591 941 1657 bonus
956 1598 1086 1677 quanto
1106 1591 1258 1677 sapione,
1273 1599 1403 1676 quanto

191 1721 234 1785 10
256 1722 430 1800 aeternus,
457 1723 587 1801 quanto
611 1716 782 1802 quidquid
812 1740 891 1782 vere
921 1740 994 1783 esse
1024 1716 1160 1782 dicitur.
1186 1716 1296 1782 Immo
1320 1716 1403 1782 hacc
1428 1721 1536 1783 648

257 1841 373 1906 omnia
392 1840 427 1906 in
447 1841 520 1906 Deo
535 1848 609 1906 tum
630 1842 825 1908 concretive
845 1851 919 1907 tum
939 1842 1149 1908 abstractive
1168 1841 1403 1927 significantia

256 1965 348 2031 idem
367 1973 462 2049 sunt,
483 1966 772 2051 quemadmodum
791 1967 828 2031 in
848 1966 986 2032 infinito
1006 1975 1040 2031 et
1060 1966 1204 2054 sphaera
1227 1972 1326 2031 tanta
1351 1971 1403 2032 est

255 2091 412 2175 latitud0,
426 2099 556 2177 quanta
567 2092 750 2179 longitudo
763 2099 797 2157 ct
809 2092 1037 2178 profunditas,
1046 2092 1151 2158 immo
1164 2091 1255 2157 idem
1268 2098 1319 2157 est
1331 2091 1404 2157 lon·

255 2238 353 2302 gum,
373 2218 483 2282 latum
504 2225 539 2282 et
558 2216 782 2304 profundum3
800 2217 883 2282 item
901 2217 982 2302 quia
1002 2223 1099 2282 extra
1117 2215 1296 2282 infinitum
1314 2216 1403 2282 nibil

191 2344 232 2409 15
256 2351 308 2409 est
338 2350 373 2408 et
396 2343 488 2409 infra
519 2344 632 2431 ipsum
660 2345 763 2428 nibil,
796 2344 872 2409 ideo
900 2345 970 2409 tale
997 2345 1140 2430 longum
1164 2353 1216 2409 est
1244 2342 1402 2410 absoluta

255 2467 451 2553 longitudo,
472 2470 541 2534 tale
568 2470 679 2535 latum
708 2469 865 2536 absoluta
897 2468 1057 2551 latitudo,
1090 2470 1159 2534 tale
1189 2468 1400 2556 profundum

256 2596 413 2661 absoluta
429 2595 658 2682 profunditas.
675 2595 748 2661 Deo
765 2596 874 2682 igitur
888 2596 1028 2682 propria
1044 2601 1096 2660 cst
1112 2595 1224 2681 figura
1239 2618 1400 2681 praesens

255 2744 316 2807 per
349 2721 500 2787 eiusdem
536 2723 768 2790 omnimodam
795 2722 1117 2810 reciprocationem,
1150 2730 1225 2789 turn
1258 2724 1399 2809 inquam

255 2871 331 2914 eam
350 2848 476 2936 ipsam,
493 2873 581 2934 quae
596 2850 636 2915 fit
652 2876 713 2938 per
729 2852 1046 2920 denominationem
1061 2851 1164 2917 unius
1181 2853 1321 2917 termini
1337 2876 1400 2940 per
1460 2870 1462 2873 ’

188 2980 232 3043 20
254 2979 375 3062 alium,
395 2986 435 3045 ut
455 3001 532 3045 curn
551 2980 679 3046 dicitur
698 2980 868 3068 sapientia
880 2980 994 3062 bona,
1014 2979 1152 3045 bonitas
1172 2980 1324 3067 sapione,
1345 2981 1400 3046 vel

255 3106 430 3192 complexe
453 3106 624 3193 sapientia
643 3115 694 3172 eet
713 3108 819 3189 bona,
839 3106 977 3173 bonitas
997 3114 1049 3172 est
1069 3107 1222 3194 sapiens,
1243 3109 1298 3173 vel
1315 3107 1398 3173 duo·

254 3232 317 3298 bus
352 3234 510 3299 terminis
539 3236 734 3302 concretive
768 3236 928 3323 sumptis,
953 3236 1009 3300 vel
1033 3235 1166 3324 altero}
1188 3236 1397 3320 concretive,
1423 3245 1448 3295 c
1468 3237 1521 3297 4¹¹

253 3361 360 3426 altero
380 3363 602 3448 abstractive,
620 3365 675 3431 vel
694 3364 860 3431 ambobus
878 3364 1097 3431 abstractive.

734 3625 764 3664 ΙΙ.
780 3624 914 3664 Membrana.

186 3838 229 3901 25
341 3841 384 3905 In
403 3841 546 3907 caeteris
565 3847 681 3907 autem
701 3839 865 3905 subiectis
894 3862 964 3905 non
994 3839 1044 3904 ita
1073 3862 1214 3926 prorsus
1240 3838 1395 3905 vicissim

254 3967 463 4033 combinatio
483 3969 709 4034 terminorum
730 3974 834 4052 atque
853 3966 1045 4054 complexio
1064 3967 1275 4048 verificatur,
1291 3966 1396 4051 siqui·

253 4090 331 4156 dem
347 4092 395 4157 eis
414 4092 600 4158 secundum
620 4092 730 4177 magis
749 4099 784 4156 et
813 4091 942 4175 minua,
974 4097 1094 4179 utpote
1121 4091 1308 4158 secundum
1332 4116 1397 4159 nn·

345 4409 361 4458 9
377 4414 485 4474 quanto
498 4409 613 4474 capione
628 4425 677 4459 om.
694 4409 718 4459 Θ
780 4410 811 4459 Ὦ
828 4407 961 4459 terminis
973 4408 1040 4460 AG:
1056 4408 1189 4459 traminie
1204 4408 1229 4458 P
1292 4424 1307 4460 c
1323 4407 1395 4472 drlil

247 4487 336 4556 fcplio
345 4495 431 4553 porta
440 4503 492 4554 per
505 4505 599 4540 errore
610 4490 639 4539 lu
652 4496 798 4554 separatura
810 4491 847 4539 aa
860 4488 890 4539 in
903 4489 929 4538 P
