3414 5122
235 466 295 524 ‘250
673 481 812 528 mamm
832 482 935 528 novur

236 636 344 722 modi,
360 637 518 725 copulae,
535 660 605 703 non
624 637 764 724 quidem
782 644 823 704 ut
841 638 1094 705 enunciationis
1112 644 1241 726 parteS,
1262 637 1322 705 sed
1339 642 1380 704 ut

236 767 389 856 partium
409 765 584 852 totiusque
603 766 818 832 conditiones
837 774 942 854 atque
961 767 1152 834 aoeidentia
1172 767 1349 854 quaedam.

327 893 394 959 Hie
413 900 543 978 tamen,
561 915 625 982 pro
644 894 778 960 ratione
797 893 1030 961 subiectorum
1049 901 1083 960 et
1101 895 1380 982 praedicatorum

241 1019 328 1086 eitra
344 1041 493 1086 errorem
511 1019 681 1103 habenda,
703 1018 789 1085 illud
812 1027 863 1086 eet
886 1020 1250 1105 animadvertendum,
1275 1044 1381 1107 quan·

197 1145 371 1214 btumvis
389 1146 504 1212 Lullio
523 1146 664 1212 termini
693 1146 796 1212 unius
824 1154 919 1214 rotae
946 1149 1002 1214 vel
1031 1147 1101 1213 illis
1129 1147 1249 1214 affines
1277 1154 1381 1233 atque

190 1296 194 1302 ’
241 1270 369 1338 similes
387 1270 541 1337 subiecta
559 1271 797 1356 nominentur,
817 1279 851 1338 et
876 1273 936 1339 alii
960 1272 1211 1339 condistinetae
1235 1272 1382 1338 alieuius

241 1396 455 1485 praedicata,
485 1418 556 1462 non
586 1397 630 1463 ob
658 1420 733 1463 earn
764 1421 901 1464 eausam
919 1398 1052 1484 aliquid
1080 1398 1178 1465 obest
1198 1398 1383 1485 quominus

242 1528 381 1587 mutuas
409 1521 515 1588 vices*
529 1522 728 1610 praedicata
757 1523 979 1610 subiectaque
1009 1532 1220 1591 commutare
1247 1524 1383 1612 possint

243 1646 431 1730 interdum,
463 1646 547 1712 haee
576 1647 669 1713 enim
698 1648 814 1714 omnia
847 1649 1001 1716 subiecta
1031 1656 1127 1732 sunt,
1153 1657 1323 1735 quatenus
1342 1649 1384 1714 de

182 1781 223 1844 10
244 1773 330 1860 ipsis
349 1773 480 1858 aliquid
499 1773 642 1859 dieitur,
661 1773 860 1862 praedicata
879 1782 1008 1859 autem,
1026 1783 1195 1862 quatenus
1211 1775 1253 1840 de
1268 1774 1384 1860 aliquo

247 1898 410 1964 dicuntur
428 1898 559 1981 eadem,
579 1899 669 1966 sieut
688 1900 756 1966 alia
773 1902 927 1987 quaestio
947 1908 1013 1986 est,
1031 1925 1076 1967 an
1094 1900 1186 1986 quod
1205 1909 1257 1967 est
1276 1900 1386 1964 inten-

248 2025 321 2090 sive
344 2025 502 2090 infinitae
524 2027 701 2114 potentiae
728 2028 774 2093 sit
792 2028 900 2112 Deus,
921 2034 955 2091 et
986 2048 1030 2092 an
1050 2028 1143 2092 Deus
1163 2027 1209 2092 sit
1228 2026 1386 2091 infinitae

247 2150 423 2238 potentiae
442 2150 624 2217 intensive.

743 2401 775 2441 11.
789 2400 922 2442 Memorem.
1413 2337 1523 2490 3461

187 2579 227 2643 15
339 2591 449 2656 Porro
468 2589 551 2655 licet
568 2589 654 2654 haee
671 2588 721 2654 ita
740 2611 776 2654 se
792 2587 943 2654 habeant
962 2588 1000 2653 in
1019 2594 1092 2654 arte
1116 2587 1195 2671 ista,
1215 2593 1255 2653 ut
1273 2596 1390 2651 tamen

251 2718 297 2782 sit
318 2717 418 2781 iuxta
434 2738 552 2782 omnes
568 2714 719 2781 rationes
732 2714 815 2780 ordo
832 2714 985 2800 quidam,
1003 2714 1236 2779 subiectorum
1252 2711 1391 2777 nomine

251 2841 493 2907 tantummodo
511 2863 626 2906 rerum
645 2840 857 2906 substantias
874 2848 908 2904 et
924 2840 1053 2927 speeies
1072 2839 1315 2924 intelligimine,
1334 2858 1394 2901 no·

252 2971 346 3035 mine
365 2974 481 3034 autem
509 2967 801 3055 praedicatorum,
821 2989 965 3052 eaquae
989 2967 1026 3030 in
1044 2965 1129 3052 ipsis
1153 2976 1189 3032 et
1207 2965 1298 3030 eirea
1317 2963 1393 3050 ipsa

253 3122 325 3164 esse
345 3097 592 3183 intelliguntur
610 3095 780 3161 universa.

187 3210 233 3273 ‘20
343 3224 476 3288 Horum
507 3229 622 3288 autem
647 3221 716 3288 alia
744 3229 826 3285 sunt
856 3218 1025 3300 absoluta,
1057 3218 1147 3283 sieut
1178 3228 1211 3282 et
1242 3216 1397 3282 subiecta

255 3351 332 3439 ipsa
351 3350 547 3416 absolutum
568 3348 731 3434 quiddam
755 3355 850 3431 sunt,
870 3346 931 3412 ubi
950 3367 1019 3411 non
1043 3368 1105 3432 per
1125 3344 1343 3409 collationem
1363 3352 1399 3407 et

257 3475 568 3562 cointelligentiam
587 3473 761 3560 quandam
781 3473 983 3560 capiuntur3
1013 3471 1082 3537 alia
1101 3480 1183 3536 sunt
1206 3468 1398 3556 respectiva

258 3627 318 3670 seu
338 3602 498 3685 relativa,
519 3624 605 3686 quae
626 3623 759 3688 semper
777 3600 991 3665 intellectum
1007 3598 1151 3664 alieuius
1169 3597 1256 3662 alius
1273 3617 1399 3662 eonne-

258 3738 337 3794 tant
355 3738 390 3792 et
408 3726 598 3813 implicant.

192 3930 236 3994 ‘25
734 3959 773 3998 lv.
789 3959 921 3999 eremorum.

352 4153 434 4219 Istis
461 4152 524 4216 hoc
556 4158 658 4238 paeto
688 4173 723 4214 se
743 4148 963 4216 habentibus.
984 4145 1028 4210 ad
1057 4144 1265 4230 simplicium
1287 4141 1403 4207 termi-
1436 4214 1442 4224 ι

262 4302 385 4346 norum
405 4277 646 4344 sufficientiam
670 4273 872 4361 capiendam
895 4269 1154 4358 praeordinavit
1181 4267 1402 4332 elementaria

358 4565 386 4613 ll
406 4558 537 4627 quaestio
549 4558 614 4610 .le
630 4564 762 4624 quaestto
777 4556 802 4605 P
