3414 5122
386 480 523 527 louunul
544 480 645 526 Buvm
666 481 826 527 rusum.
848 482 882 526 IN
902 481 1061 527 TRIGINTA
1083 481 1241 527 emrtuos,
1344 464 1381 525 75

609 901 653 976 P.
688 901 791 977 IOR.
825 905 910 977 BR.
945 901 1026 980 ΝΟ.

697 1118 945 1164 muvsrulsmuo

287 1312 488 1398 DOMINO
532 1314 790 1398 ulturum
831 1318 863 1397 A
905 1314 1163 1399 castrato
1201 1315 1352 1411 Novi),

354 1539 531 1614 Domino
550 1541 814 1631 Mawisserio‚
840 1541 964 1640 equiti
988 1548 1150 1632 aurato,
1176 1541 1282 1617 inter

203 1680 224 1744 5
380 1667 535 1743 nobiles
559 1668 799 1743 domesticos
821 1669 928 1762 regis
951 1669 1037 1759 uni,
1062 1669 1255 1768 quinqua·

408 1794 527 1887 ginta
550 1794 728 1893 equitum
753 1796 889 1888 gravis
913 1800 1146 1870 armaturae
1169 1820 1230 1870 ea·

434 1921 611 2018 pitanen,
628 1920 776 2019 privati
791 1919 947 1995 consilii
962 1922 1202 2015 consiliarie,

461 2048 725 2141 gubernatori
739 2048 849 2122 urbis
866 2058 907 2124 et
926 2049 1029 2124 areis
1048 2050 1176 2125 saneti

489 2173 698 2265 Desideiii,
720 2173 856 2268 legato
872 2175 1150 2252 christianissi-

515 2301 571 2375 mi
586 2301 692 2394 regis
704 2301 812 2401 apud
827 2302 1127 2379 serenissimam

614 2424 791 2521 Angliae
815 2429 1031 2523 Reginam.

338 3029 516 3097 Musarum
530 3035 652 3117 partus
668 3029 733 3096 iste
753 3051 822 3095 non
840 3029 1017 3116 ignobilis,
1035 3029 1073 3095 in
1088 3035 1148 3096 tua
1167 3030 1390 3099 celeberrima

250 3153 328 3220 erile
359 3153 484 3239 editus,
524 3154 589 3221 tibi
626 3154 858 3221 illustrissime
888 3153 1026 3220 domine
1060 3161 1231 3239 sacratur,
1261 3162 1301 3221 ut
1330 3155 1390 3242 qui

249 3277 336 3344 mihi
350 3277 485 3363 debent,
502 3279 611 3345 Musis
627 3278 764 3364 debere
781 3279 840 3365 qui
857 3280 966 3347 Musis
983 3278 1124 3361 debent,
1142 3287 1176 3345 et
1191 3280 1258 3346 tibi
1274 3303 1394 3347 earun-

185 3406 227 3474 15
251 3403 328 3469 dem
346 3410 513 3492 perpetuo
532 3402 660 3471 fautori
680 3410 715 3470 et
737 3404 925 3492 protectori
956 3404 1134 3471 devinctos
1165 3426 1238 3472 esse
1268 3426 1393 3491 eogno-

251 3535 359 3596 seant.
378 3529 479 3616 Ipsae
498 3529 628 3595 etenim
646 3529 771 3616 quibus
790 3551 891 3596 omne
915 3529 1025 3595 solum
1047 3529 1177 3616 patria,
1202 3552 1245 3595 ne
1264 3528 1392 3596 alieubi

250 3653 460 3721 haberentur
477 3654 682 3742 peregrinae
704 3676 808 3741 seque
831 3662 1011 3721 extraneas
1036 3677 1108 3720 esse
1132 3655 1394 3743 comperirent,
1419 3672 1450 3722 a
1464 3657 1516 3721 gv

250 3802 314 3867 per
336 3779 466 3846 Italum
489 3781 680 3863 alumnum,
715 3779 752 3845 in
788 3779 937 3867 seposita
971 3779 1172 3864 Britannia,
1206 3780 1395 3863 Gallicum,

252 3904 435 3992 ipsumque
451 3904 599 3991 regium,
612 3903 802 3992 hospitium
816 3926 1006 3992 repperere.
1018 3904 1118 3990 Vale,
1132 3904 1299 3990 illumque
1312 3905 1396 3971 satis

184 4037 230 4102 20
252 4031 320 4101 tibi
338 4029 520 4117 alligatum
535 4030 636 4114 scias,
653 4029 708 4096 oui
727 4029 894 4115 Angliam
912 4029 949 4095 in
968 4028 1122 4112 italiam,
1142 4029 1340 4095 Londinum
1359 4029 1396 4101 in

251 4157 391 4239 Nolam,
411 4162 554 4242 totoque
569 4156 652 4223 orbe
668 4155 859 4223 seiunctam
875 4154 1015 4223 domum
1035 4154 1073 4219 in
1088 4154 1292 4221 domesticos
1307 4154 1396 4220 lares

253 4280 465 4350 convertisti.

692 4463 956 4473 —--—-—
