3414 5122
622 437 770 483 sicinuvs
791 435 1000 484 smirnoavu.
1324 424 1383 484 207

241 591 388 658 randum
408 591 658 677 relinquamus,
678 591 963 677 quemadmodum
985 615 1054 659 non
1082 615 1199 659 sumus
1228 593 1311 660 adeo
1331 593 1386 659 de-

240 717 345 804 sides,
367 723 406 783 ut
424 716 461 782 in
481 716 524 782 iis
544 739 631 802 quae
650 722 732 783 sunt
750 717 981 784 necessariora
998 717 1230 784 defecerimus.

632 993 668 1037 De
684 997 803 1037 duodecim
817 1006 892 1038 rerum
909 998 994 1038 lormls.
1409 975 1516 1039 592

334 1211 385 1275 15.
410 1184 559 1275 Formae
588 1230 670 1274 vero
689 1229 804 1274 rerum
833 1209 1010 1295 generales
1029 1216 1112 1276 sunt
1135 1209 1240 1275 etiam
1259 1209 1385 1276 duode-

197 1313 218 1402 b
244 1335 327 1401 cim:
352 1334 468 1401 decem
499 1339 586 1422 puta
612 1333 819 1420 categoriae,
840 1334 965 1419 quibus
984 1333 1142 1400 addimus
1162 1334 1168 1418 Ι
1188 1335 1217 1399 L
1237 1341 1379 1417 motum,
1407 1333 1503 1411 σθ’

242 1462 278 1526 Μ
297 1481 444 1527 causam.
461 1460 596 1526 Harum
614 1458 802 1525 formarum
819 1460 948 1547 species
964 1459 1001 1524 in
1016 1458 1265 1547 posterioribus
1281 1459 1387 1546 expli·

242 1586 406 1653 cabimus.
426 1584 493 1651 Illa
512 1584 678 1650 nimirum
696 1583 779 1649 licet
804 1583 1021 1650 substantive
1040 1583 1111 1650 sint
1142 1606 1316 1673 expressa,
1335 1584 1385 1649 di·

241 1711 346 1778 cendo
375 1711 607 1794 essentiam,
644 1709 973 1794 subsistentiam,
1001 1709 1291 1803 substantiam,
1316 1731 1387 1774 non

241 1843 356 1902 autem
390 1858 494 1921 esse,
529 1832 780 1918 subsistens,
815 1834 1024 1917 substans,
1060 1832 1145 1899 talia
1174 1840 1291 1899 tamen
1315 1856 1387 1899 esse

178 1963 220 2026 10
242 1962 384 2047 recolas,
417 1960 534 2046 qualia
553 1967 588 2025 et
616 1958 766 2047 perebo
796 1958 1066 2025 denominantur
1094 1964 1129 2024 et
1147 1959 1217 2024 alia
1238 1958 1388 2024 denomi-

242 2093 347 2169 nant,
377 2085 598 2173 accipiuntur
626 2083 719 2150 enim
739 2085 777 2149 in
795 2083 895 2171 praxi
925 2083 1135 2167 concretive,
1163 2083 1387 2167 abstractive,

242 2211 280 2276 in
298 2210 456 2298 potentia
476 2210 606 2294 activa,
627 2210 667 2274 in
685 2210 845 2297 potentia
863 2210 1015 2297 passiva,
1034 2209 1072 2274 in
1088 2215 1181 2292 actu,
1200 2209 1236 2273 in
1252 2208 1384 2293 habitu,

242 2336 280 2401 in
299 2335 464 2420 efficacia,
496 2335 534 2400 in
554 2333 752 2419 efficientia,
781 2334 819 2399 in
843 2335 981 2420 effectu,
1012 2334 1081 2400 imo
1100 2333 1244 2420 inquam
1267 2356 1386 2400 omnes

241 2459 440 2548 implicant,
463 2481 548 2546 quos
566 2465 712 2548 possunt
730 2459 908 2547 implicare
927 2458 1055 2526 modos.
1071 2460 1114 2525 Iu
1129 2459 1277 2525 essentia
1292 2459 1386 2524 enim

181 2595 221 2659 15
245 2586 453 2675 implicitum
480 2593 533 2652 est
551 2606 626 2669 ens,
646 2607 734 2669 esse,
765 2584 906 2670 entitas,
926 2583 1126 2668 essefacere,
1156 2583 1317 2669 essefieri,
1337 2606 1387 2650 es·

242 2735 378 2800 seposse
396 2713 519 2797 active,
541 2735 717 2800 esseposse
734 2712 885 2800 passive,
905 2711 1126 2797 essededisse,
1142 2712 1386 2800 esseaccepisse

242 2843 290 2922 (et
310 2839 401 2904 ultra
421 2861 482 2925 per
502 2838 587 2904 alias
605 2836 795 2904 formarum
812 2837 955 2922 formas,
973 2838 1002 2904 si
1017 2837 1147 2920 libeat).
1164 2838 1259 2930 Haeo
1275 2837 1386 2924 magis

243 2963 337 3050 rudi,
357 2964 416 3030 sed
435 2970 470 3029 et
488 2963 601 3050 magis
631 2962 828 3050 expressiva
847 2969 882 3028 et
901 2962 1093 3050 exquisitae
1120 2962 1387 3048 significationis

243 3090 396 3156 dictione
410 3090 574 3156 dicuntur
593 3087 774 3173 essificare,
787 3088 965 3175 essificari,
979 3088 1199 3173 essificabile,
1213 3089 1390 3156 essillcati·

176 3232 221 3295 20
242 3239 338 3300 vum,
349 3198 545 3298 essificasse',
559 3213 776 3280 essificatum.
790 3214 959 3280 Similiter
974 3214 1012 3280 in
1028 3215 1227 3281 substantia
1242 3214 1388 3302 implici-

242 3349 317 3407 tum
337 3349 389 3407 est
408 3342 583 3428 substans,
601 3341 772 3424 substare,
789 3341 1081 3425 substantialitas,
1094 3341 1386 3425 substantificare,

242 3467 498 3551 substantifieri,
511 3465 880 3548 substantificativum,
892 3466 1216 3551 substantificabile,
1230 3466 1388 3532 substan·

243 3593 390 3676 tificans,
423 3591 732 3684 substantificatio,
766 3593 857 3677 quod
887 3592 1201 3672 substantificatur,
1231 3592 1388 3658 substan·

242 3717 405 3803 tificasse,
439 3716 757 3784 substantificatum
790 3741 870 3784 esse.
896 3717 1064 3784 Similiter
1096 3719 1133 3783 iu
1165 3717 1243 3784 aliis
1267 3718 1388 3783 formis

179 3853 222 3916 ‘25
250 3850 303 3909 est
321 3842 595 3930 concipiendum.
623 3844 716 3910 Usus
735 3842 858 3909 horum
888 3843 1036 3910 maxime
1056 3844 1099 3909 ad
1128 3866 1246 3908 omnes
1270 3864 1388 3930 opera-

245 3968 358 4034 tiones
378 3968 576 4035 intellectus
596 3974 648 4034 est
667 3968 960 4051 adcommodatus,
981 3967 1072 4054 quod
1084 3967 1268 4033 inunavel
1281 3967 1389 4034 altera

247 4094 310 4158 fiat
334 4093 569 4159 manifestum.
589 4093 876 4180 Argumentando
896 4093 988 4158 euim
1007 4093 1036 4159 si
1055 4094 1213 4160 volumus
1243 4094 1389 4181 probare

249 4221 382 4306 aliquid
402 4244 474 4287 esse
494 4242 674 4308 magnum,
693 4222 898 4287 tentandum
918 4228 969 4287 est
988 4244 1120 4287 sumere
1136 4222 1303 4287 terminos
1321 4243 1388 4285 me·

337 4501 352 4552 5
369 4501 552 4565 cathegorias
565 4502 590 4552 P
652 4503 684 4553 25
701 4503 803 4554 borum
818 4502 860 4555 P:
871 4503 972 4554 harum
986 4503 1010 4554 G
