3414 5122
544 393 740 440 nxvnrcavro
761 394 919 441 rarorum
940 395 1152 441 sioraaonvu.
1361 383 1417 441 149

277 548 473 616 referantur
490 552 647 638 hortum,
676 575 835 640 campum
864 553 919 618 vel
950 560 1103 636 antrum,
1129 552 1254 636 inquo
1278 551 1417 617 illarum

277 676 463 762 qualitates
482 675 552 742 suis
571 677 738 759 numeris,
755 677 967 764 ponderibus
986 684 1089 763 atque
1109 677 1278 743 mensuris
1298 675 1419 742 defini-

277 808 333 866 tae
351 800 556 867 habeantur.

366 926 443 992 Erit
467 948 547 1013 ergo
583 948 723 1014 campus
757 927 888 1014 primus
923 927 1025 993 calidi
1059 926 1216 1009 humidi,
1252 925 1420 992 secundus

233 1053 254 1117 5
277 1049 380 1116 calidi
399 1051 495 1131 sicci,
513 1051 635 1116 tertius
654 1049 777 1138 frigidi
796 1051 942 1138 humidi,
962 1060 1105 1139 quartus
1124 1051 1245 1140 frigidi
1265 1051 1357 1117 sicci.

367 1176 481 1242 Erunt
514 1176 660 1243 subinde
694 1177 732 1243 in
755 1200 890 1266 oamp0,
914 1179 1151 1245 membrorum
1186 1178 1341 1264 quinque
1364 1176 1420 1243 vel

278 1311 423 1389 septem,
455 1303 571 1390 pluras
605 1303 839 1390 paucioresve,
868 1326 931 1391 pro
961 1306 1012 1371 rei
1044 1305 1236 1392 exigentia,
1262 1303 1418 1384 ordines3

279 1453 425 1517 quorum
451 1431 584 1518 primus
602 1430 729 1497 referat
760 1431 862 1499 calidi
881 1432 1033 1519 primum
1062 1433 1211 1520 gradum
1240 1455 1318 1497 oum
1348 1453 1421 1518 sop-

207 1538 212 1545 ’
278 1563 348 1622 tem
366 1557 584 1623 humiditatis
612 1556 778 1644 gradibus
797 1557 835 1623 in
854 1564 985 1645 septem
1020 1557 1154 1623 ordinis
1177 1557 1350 1640 domibus,
1370 1579 1419 1622 se·

215 1687 256 1750 10
280 1681 411 1748 orrndus
431 1682 533 1748 calidi
552 1682 699 1769 gradum
718 1681 905 1748 secundum
938 1706 1015 1748 oum
1046 1690 1177 1770 septem
1201 1681 1420 1749 humiditatis

278 1809 444 1895 gradibus
464 1811 501 1875 in
520 1810 672 1898 propriis
690 1817 821 1897 septem
837 1809 939 1876 istius
956 1809 1087 1876 ordinis
1101 1809 1276 1894 domibus,
1297 1808 1421 1874 tertius

279 1937 421 2001 tertium
452 1935 555 2001 calidi
577 1935 725 2022 gradum
753 1957 829 2002 oum
850 1942 981 2023 septem
1010 1935 1233 2001 humiditatis
1256 1934 1421 2021 gradibus

278 2062 316 2127 in
334 2062 438 2128 unius
457 2061 557 2128 istius
577 2061 707 2128 ordinis
726 2061 885 2128 domibus
904 2069 1044 2148 septem.
1064 2063 1111 2127 Et
1131 2061 1181 2127 ita
1201 2060 1363 2148 deinceps
1383 2060 1420 2125 in

279 2189 356 2256 aliis
374 2188 555 2278 providere
584 2189 731 2277 poteris,
749 2196 789 2254 ut
808 2188 949 2254 tandem
972 2189 1009 2253 in
1029 2188 1142 2275 specie
1165 2187 1211 2253 ad
1232 2188 1345 2254 locum
1365 2210 1422 2274 ge·

215 2314 447 2399 maerstem,
478 2313 723 2402 particularem
753 2321 787 2379 et
815 2314 1065 2380 individualem
1085 2313 1090 2402 Ι
1111 2312 1239 2396 relata,
1276 2313 1419 2398 qualita·
1444 2317 1550 2394 542

278 2447 365 2525 tem,
405 2439 583 2526 qualitatis
623 2439 769 2526 gradum
808 2447 843 2505 et
880 2438 1050 2526 graduum
1088 2437 1418 2526 compossibilitates

278 2566 457 2633 intuearis.

368 2691 422 2757 Ibi
432 2691 593 2759 Circaeus
605 2691 732 2758 dicitur
748 2713 888 2779 campus
900 2712 963 2778 pro
983 2690 1163 2757 arboribus
1176 2690 1416 2777 maiorumque
1442 2704 1466 2753 c
1490 2692 1530 2762 1r

279 2817 476 2904 plantarum
494 2817 681 2900 fructibus,
701 2817 822 2884 hortus
839 2839 902 2903 pro
921 2816 1051 2900 herbis,
1071 2815 1214 2883 floribus
1232 2823 1336 2902 atque
1352 2839 1421 2882 me-

212 2952 256 3015 20
279 2940 364 3008 dicis
383 2942 570 3028 radicibus,
602 2951 742 3009 antrum
765 2964 827 3030 pro
858 2941 1083 3008 mineralibus
1107 2941 1219 3027 iisque
1243 2941 1420 3026 omnibus,

279 3089 365 3152 quae
393 3067 431 3133 in
460 3067 595 3135 telluris
618 3067 749 3155 gremio
773 3073 1002 3156 generantur,
1033 3066 1254 3154 eiusdemque
1274 3066 1417 3134 effossae

278 3193 553 3259 concavitatibus
573 3192 810 3273 desumuntur.

367 3316 528 3405 Sigillum
557 3318 661 3384 istum
686 3318 750 3384 hoc
779 3318 817 3383 in
839 3317 1035 3404 aenigmate
1066 3317 1272 3405 quandoque
1299 3319 1420 3407 impli-

278 3468 440 3511 oavrmus.

211 3711 255 3773 25
399 3710 525 3770 Lumine
543 3708 581 3770 de
599 3709 735 3769 olorone
753 3727 838 3769 mens
855 3707 1018 3787 peregrina
1034 3715 1178 3788 vagetur,

456 3817 522 3878 Nec
539 3837 648 3878 sensus
663 3835 786 3877 currens
803 3837 882 3895 pone
900 3817 997 3894 petita
1014 3817 1117 3894 cadat,

397 3924 500 4001 thue
518 3922 669 4001 profunda
685 3922 783 3983 virum
801 3923 889 3984 fallat
906 3931 937 3984 te
954 3923 985 3982 in
1001 3931 1117 3984 tartara
1132 3924 1259 3984 missum

457 4031 626 4092 Ardentem
643 4031 765 4107 fugiens
782 4030 863 4091 unda
878 4031 977 4109 petita
993 4032 1089 4105 sitim;

369 4381 400 4429 21
414 4378 534 4429 effossae
548 4379 584 4427 P:
600 4378 703 4428 effossa
719 4379 743 4428 G
805 4378 1022 4443 assurgamus?
1086 4380 1125 4430 23.
1135 4379 1165 4430 al
1177 4380 1417 4445 explicavimusfl

278 4461 317 4510 25.
330 4461 422 4522 150,1t
440 4476 463 4509 v.
480 4459 534 4507 Ars
548 4458 687 4508 numeriae
698 4473 727 4521 p.
746 4459 796 4509 170
809 4458 890 4509 [νηὸν.
