3414 5122
300 379 355 436 146
739 390 878 436 manum
900 391 1002 436 nnviu

299 547 393 630 aliis,
414 570 503 633 quae
519 547 556 611 in
569 546 653 612 locis
672 546 858 633 recipiunt,
875 569 915 613 ea
934 570 1022 632 quae
1039 548 1077 632 in
1088 547 1239 634 planctis
1251 547 1441 634 significari

299 673 426 740 debent
446 672 604 739 ordinate
624 673 759 739 habeas
780 673 875 750 Quae
892 672 1031 760 quidem
1048 673 1164 740 omnia
1182 672 1211 739 si
1231 680 1362 761 septem
1381 672 1441 738 im·

298 803 394 888 plere
413 808 604 886 nequeunt,
622 800 707 867 alios
727 799 968 867 substituimus
987 801 1205 889 singulorum
1220 802 1442 888 omniumque

299 947 517 993 successores.

255 1055 275 1119 5
390 1051 610 1136 Ubicumque
644 1050 750 1115 etiam
770 1058 872 1116 erunt
906 1006 1067 1137 quatuor,
1097 1052 1264 1138 quinque,
1293 1060 1442 1139 septem,

302 1200 389 1262 quae
407 1175 560 1242 rationes
579 1181 614 1240 et
629 1175 758 1241 formas
774 1175 961 1264 multiplici
977 1178 1015 1243 in
1031 1176 1179 1244 invicem
1195 1176 1442 1265 compositione

299 1300 625 1387 coordinationeque
643 1301 888 1389 multiplicant,
912 1303 949 1368 in
968 1301 1082 1390 iplsis,
1102 1302 1192 1368 sicut
1211 1303 1249 1368 in
1267 1303 1440 1389 Propaga·
1462 1307 1492 1369 b
1509 1305 1561 1368 '7¹'

298 1433 387 1510 tore,
404 1428 441 1493 in
457 1427 697 1514 energumenis
715 1427 814 1511 locis,
835 1435 869 1494 et
888 1428 965 1494 aliis
984 1427 1026 1493 de
1041 1427 1228 1515 multiplici
1247 1429 1442 1494 Elementa-

298 1553 350 1618 rio
368 1553 425 1619 vel
441 1550 699 1619 Combinatorio
716 1553 828 1620 facere
845 1552 1035 1637 docuimus,
1049 1562 1100 1619 est
1115 1553 1380 1640 providendum;
1399 1553 1443 1620 ad

235 1691 277 1755 10
301 1678 413 1744 instar
433 1678 604 1764 (inquam)
624 1677 776 1762 illorum,
795 1678 893 1744 iuxta
913 1677 1219 1744 combinandorum
1238 1685 1273 1743 et
1295 1678 1333 1744 in
1353 1701 1443 1744 com-

300 1803 509 1891 positionem
549 1803 767 1870 venientium
801 1825 1000 1887 numerum,
1036 1803 1257 1869 elementaria
1296 1810 1442 1888 statuae,

302 1929 430 2015 quibus
449 1929 591 1995 tandem
609 1928 791 2016 figuranda
810 1929 960 2016 figurare
989 1935 1024 1994 et
1042 1928 1119 2016 ipsa
1137 1928 1302 2016 figurata,
1323 1929 1367 1995 ad
1385 1952 1444 1995 no-

303 2077 365 2121 vas
385 2055 516 2143 integri
534 2054 629 2121 illius
648 2055 872 2140 figurationes
891 2054 1114 2139 inducendas,
1132 2078 1193 2142 per
1210 2061 1322 2121 rotam
1341 2054 1443 2120 dedn-

302 2182 422 2267 cendo,
442 2180 567 2248 valeas.
588 2182 635 2247 Et
654 2204 716 2247 nos
736 2182 772 2247 id
791 2204 917 2269 magna
935 2182 1144 2269 expertein
1163 2181 1281 2248 Artis
1301 2205 1441 2248 memo·

237 2315 278 2381 15
303 2309 407 2392 riae,
426 2309 599 2376 Umbras
616 2308 804 2375 idearum
823 2308 1076 2394 consequentis,
1096 2308 1209 2396 prima
1225 2307 1441 2393 secundaque

302 2434 347 2500 de
376 2433 550 2500 adiectis
569 2434 741 2523 particula
760 2433 946 2500 docuimus.

447 2703 525 2744 Fontis
540 2706 563 2744 ct
576 2704 675 2753 speculi,
693 2704 732 2752 qut
747 2702 983 2743 vlccslmuasecundus
998 2708 1031 2743 cst
1046 2702 1145 2755 sigillus,
1160 2702 1290 2753 explicatio.

391 2927 459 2991 Per
498 2925 581 2990 haec
610 2923 770 2990 docemus
804 2922 1022 3010 suppositum
1054 2945 1304 3010 personamque
1339 2948 1444 2991 nnern

301 3074 408 3117 unam
427 3051 670 3137 integramque
688 3072 788 3137 posse
807 3048 961 3114 indicare
984 3047 1195 3115 facultatem.
1215 3050 1309 3115 Hinc
1327 3051 1371 3117 ad
1394 3053 1445 3116 in·

234 3192 278 3255 20
300 3176 497 3242 ventionenr
514 3175 718 3260 faciendam,
739 3176 836 3241 oculo
859 3174 1081 3240 uniformiter
1095 3173 1138 3239 ad
1155 3174 1271 3240 omnia
1290 3175 1443 3242 visibilia

301 3325 336 3366 ss
366 3302 509 3367 habenti
533 3309 637 3387 atque
662 3300 851 3367 successive
882 3322 1063 3384 convers0,
1095 3322 1184 3365 unus
1214 3298 1308 3385 fons,
1335 3324 1443 3366 unum

301 3430 477 3516 speculum
496 3428 732 3516 praesentabit
751 3428 925 3512 universa,
946 3450 1035 3493 unus
1054 3426 1193 3492 habitus
1217 3426 1254 3491 in
1278 3449 1347 3493 una
1364 3451 1445 3515 qna·

303 3554 381 3620 dam
405 3554 542 3620 formali
562 3555 649 3621 serie
678 3538 919 3641 complebitur,
946 3554 1028 3619 dum
1053 3552 1231 3639 quodlibet
1251 3554 1444 3620 subiectum

301 3680 476 3769 perillam
495 3680 760 3748 examinabitur.
776 3683 845 3747 Hic
859 3680 1057 3769 praedicata
1076 3687 1158 3746 sunt
1178 3702 1264 3766 (quae
1284 3683 1444 3747 omnibns

235 3822 278 3886 ‘25
302 3806 531 3894 applicabilia
546 3829 609 3894 pro
630 3829 691 3873 sua
714 3807 848 3873 ratione
864 3807 1077 3890 indicantur,
1094 3806 1150 3872 hic
1167 3806 1299 3873 formae
1319 3807 1444 3893 quibus

303 3941 429 3999 cuncta
459 3932 717 4016 modificantur,
746 3933 869 4020 hicque
899 3932 1179 3999 circumstantiae
1207 3933 1332 4018 quibus
1355 3934 1444 3999 colo·

302 4068 428 4124 rantur
446 4058 621 4143 universa,
641 4064 681 4124 ut
710 4058 747 4124 in
770 4059 893 4125 iisdem
920 4059 1037 4125 omnia
1054 4057 1230 4145 generalia
1259 4058 1444 4146 particula·

394 4389 498 4454 lqnse
520 4387 560 4450 (Ia
578 4384 674 4451 prima
696 4384 777 4448 colla)
801 4385 841 4435 P:
865 4399 936 4449 quos
962 4385 986 4435 G
1048 4386 1296 4454 8energumonis,
1320 4387 1391 4439 locis
1415 4395 1445 4439 et

305 4469 369 4518 aliis
387 4469 411 4520 G
475 4470 514 4519 13.
525 4469 556 4519 14
572 4468 712 4519 deducere
725 4466 861 4518 valeasG
925 4466 955 4517 15
969 4482 999 4531 p.
1016 4467 1048 4516 77
1060 4467 1143 4517 Imbr.
