3414 5122
313 388 371 448 196
747 404 889 451 renuam
910 404 1013 449 unvai

312 561 421 648 igitar
438 560 590 649 perfecte
609 561 771 647 agitare,
802 584 879 626 cnm
897 568 1043 628 naturae
1062 563 1181 648 agenti
1209 561 1447 643 connectitur3

311 687 362 753 ita
396 688 488 753 enim
513 695 751 775 comparatum
783 694 849 771 est,
878 694 917 752 ut
944 687 1193 753 connexionem
1224 688 1376 754 habeant
1396 710 1451 753 ars

311 822 415 901 atque
430 821 567 899 natura,
584 823 618 881 et
634 815 715 901 quia
731 837 786 879 ars
802 822 946 880 naturae
962 814 1131 901 quaedam
1147 814 1298 880 imitatio
1315 815 1450 900 existit,

310 946 346 1006 et
365 942 458 1027 quia,
478 940 568 1007 sicut
586 940 805 1028 impossibile·
817 945 869 1006 est
887 939 1060 1006 naturalia
1079 963 1152 1007 esse
1170 940 1256 1006 artis
1276 942 1450 1027 expertia,

266 1066 287 1129 5
310 1065 361 1132 ita
378 1089 442 1131 nea
460 1065 655 1132 artificialia
673 1072 799 1132 natura
817 1087 933 1132 carere
951 1073 1105 1152 possunt.
1122 1066 1182 1147 Nil
1199 1066 1291 1132 enirn
1307 1088 1450 1153 prorsus
1477 1056 1483 1063 ’

310 1197 362 1257 est
382 1194 386 1276 l
407 1191 602 1275 artificiale,
623 1191 715 1277 quod
732 1197 878 1258 naturae
896 1213 966 1257 non
986 1190 1032 1257 sit
1050 1188 1228 1275 innixum3
1248 1190 1340 1257 unde
1359 1190 1450 1256 sicut
1477 1192 1585 1256 583

310 1338 352 1380 ex
370 1321 444 1381 arte
475 1316 712 1404 cognoscimus
740 1316 851 1402 qualis
883 1315 1056 1404 quispiam
1085 1316 1131 1382 sit
1153 1316 1289 1383 ratione
1312 1317 1368 1382 vel
1389 1339 1452 1382 na-

310 1447 402 1526 tura,
426 1441 477 1507 ita
511 1441 554 1508 ad
577 1439 758 1519 natulram
791 1441 1010 1508 referendum
1034 1448 1086 1508 est
1119 1442 1205 1508 artis
1238 1441 1451 1529 rationisque
1475 1442 1566 1507 14²

309 1566 531 1654 principium.
552 1568 602 1635 Ut
624 1566 734 1654 igitur
753 1566 946 1634 absolutam
978 1574 1322 1654 consummatamque
1342 1573 1454 1633 artem

244 1690 287 1754 10
310 1691 515 1779 adipiscare,
547 1693 682 1781 animae
701 1692 822 1759 mundi
850 1699 885 1760 te
903 1694 1059 1781 copulari
1079 1716 1226 1781 cumque
1256 1693 1332 1782 ipsa
1352 1715 1454 1781 copu-

309 1818 418 1885 latum
435 1842 536 1906 agere
552 1824 702 1908 oportet,
722 1841 810 1905 quae
833 1820 984 1886 naturali
998 1820 1233 1887 foecunditate
1256 1820 1451 1887 rationibus

310 1943 413 2032 plena
435 1945 604 2011 mundum
620 1945 814 2012 rationibus
830 1945 1001 2011 similibus
1021 1945 1163 2033 plenum
1186 1952 1339 2033 generat.
1358 1945 1453 2022 Quae

311 2068 450 2155 quidem
477 2070 628 2138 rationes
652 2076 705 2155 (ut
728 2079 763 2136 et
786 2071 893 2136 sentit
915 2071 1087 2153 Plotinus)
1112 2071 1150 2137 in
1173 2071 1364 2138 seminibus
1393 2071 1456 2137 fin·

310 2202 400 2283 gunt
416 2196 636 2283 formantque
651 2197 813 2264 universa
828 2196 927 2282 quasi
946 2197 1088 2283 exiguos
1107 2197 1276 2283 quosdam
1295 2196 1453 2264 mundos.

243 2322 285 2385 15
309 2321 409 2389 Unde
433 2344 511 2387 cum
530 2322 646 2388 anima
676 2322 804 2408 ubique
823 2345 984 2410 praesens
1003 2322 1143 2409 existat,
1168 2323 1298 2410 illaque
1322 2329 1396 2390 tota
1416 2330 1451 2388 et

307 2446 345 2512 in
368 2452 441 2512 toto
460 2455 495 2513 et
514 2447 552 2513 in
572 2470 788 2534 quacumque
818 2454 917 2535 parte
939 2454 1026 2533 tota,
1059 2448 1135 2515 ideo
1155 2472 1217 2537 pro
1248 2448 1450 2516 conditione

310 2571 474 2638 materiae
503 2573 541 2638 in
570 2595 784 2659 quacumque
802 2596 840 2639 re
865 2572 971 2640 etiam
990 2574 1115 2662 exigua
1139 2580 1174 2641 et
1197 2574 1330 2641 abscisa
1352 2598 1454 2641 mun·

309 2697 406 2782 dum,
430 2696 557 2764 nedum
592 2698 712 2764 mundi
746 2698 968 2766 simulacrum
999 2700 1115 2766 valeas
1138 2700 1282 2785 intueri,
1316 2707 1450 2766 utnon

308 2829 437 2888 temere
455 2823 571 2889 omnia
586 2823 624 2889 in
639 2823 798 2890 omnibus
814 2823 929 2890 dicere
943 2846 1021 2891 cum
1039 2825 1250 2912 Anaxagora
1267 2825 1451 2913 possimus.

243 2948 287 3015 20
309 2948 395 3015 (lum
415 2948 525 3035 igitur
553 2949 685 3035 aliquid
704 2949 754 3015 ita
783 2950 978 3036 perficitur,
996 2958 1101 3038 prout
1129 2951 1266 3018 animae
1285 2950 1380 3017 illius
1400 2975 1451 3017 es-

310 3074 422 3141 sentia
437 3074 482 3141 ad
500 3075 607 3141 talem
625 3075 807 3142 materiam
825 3076 999 3162 requirere
1017 3077 1167 3162 videtur,
1185 3099 1256 3143 non
1272 3077 1312 3143 fit
1327 3078 1454 3143 adven·

309 3200 390 3266 titia
413 3199 564 3288 quadam
594 3200 766 3266 sententia
796 3208 830 3266 et
852 3209 1052 3290 exspectata
1081 3203 1356 3269 consideratione
1387 3203 1450 3285 (ita

310 3325 403 3391 enim
422 3348 488 3409 ars,
510 3348 598 3412 quae
616 3325 786 3412 posterior
804 3335 856 3392 est
872 3335 907 3393 et
922 3329 1070 3413 aemula,
1088 3327 1262 3415 fabricat),
1281 3328 1340 3395 sed
1356 3329 1453 3395 velut

310 3451 353 3516 ab
378 3450 565 3517 intrinseco
587 3459 804 3538 praesentem
822 3451 969 3520 formam
995 3453 1190 3542 explicante
1209 3463 1343 3522 natura.
1364 3453 1453 3519 Vide

243 3574 287 3639 25
311 3575 419 3661 igitur
438 3576 529 3642 unda
548 3599 604 3642 ars
622 3577 792 3645 mirabilis
812 3586 958 3646 emanet.

806 3796 840 3833 Do
854 3796 960 3835 mathoal.

400 3993 432 4058 4.
456 3992 640 4058 Mathesim
666 4014 802 4078 quoque
826 3992 982 4061 conferre
1005 3994 1049 4059 ad
1079 4016 1164 4081 opus
1195 3992 1303 4059 animi
1335 4013 1453 4058 omnes

312 4121 485 4209 sapientes
515 4142 731 4201 consensere;
760 4121 914 4187 visibilia
944 4144 1093 4206 namque
1116 4120 1347 4187 invisibilium
1371 4134 1454 4186 stant

405 4392 437 4442 16
452 4406 465 4440 e
483 4391 513 4441 17
537 4392 760 4458 quacunquaG
846 4393 876 4443 17
900 4391 1075 4443 abscissae
1161 4390 1194 4440 22
1218 4394 1401 4457 expectatam
1427 4391 1453 4440 P

310 4472 342 4522 23
358 4472 453 4523 emula
467 4472 493 4521 P
