3414 5122
345 408 404 468 296
783 424 923 470 rounam
945 425 1048 471 earm

344 580 399 646 tis.
427 582 547 668 Ipsum
574 580 668 647 ‘cum
698 580 779 668 quo’
808 593 859 648 est
882 582 995 669 primo
1015 581 1156 670 duplex:
1177 589 1212 647 et
1231 580 1394 648 videlicet
1413 605 1490 649 cum

344 728 412 793 quo
431 706 563 793 aliquid
581 707 671 793 agit,
693 716 824 773 etcum
845 730 912 793 quc
940 707 1072 794 aliquid
1101 706 1226 795 recipit
1250 730 1309 773 seu
1336 708 1487 794 patitur;

344 856 498 898 seucum
518 855 585 918 quo
604 839 656 898 eat
675 833 827 899 activum
847 834 903 900 vel
922 833 1050 918 active,
1071 840 1105 898 et
1125 835 1130 923 Ι
1151 855 1230 898 oum
1255 855 1323 919 quo
1343 839 1395 898 est
1414 856 1490 920 pas·
1518 836 1613 899 121·

344 958 416 1024 sive
435 960 490 1024 vel
508 958 696 1046 passivum.
718 958 874 1027 Secundo
900 965 952 1044 (ut
976 959 1107 1025 (lictum
1134 965 1186 1024 est
1210 958 1252 1023 de
1271 957 1490 1046 ‘quomodo'l

299 1093 320 1155 5
344 1094 491 1173 quatuor
511 1086 615 1153 habet
634 1087 779 1173 species,
795 1093 917 1174 utpote
935 1085 1028 1153 'cum
1044 1107 1112 1173 quo
1129 1092 1181 1151 est
1198 1085 1302 1168 inse,
1325 1108 1403 1151 cum
1423 1107 1490 1171 quo

344 1212 452 1277 estin
471 1212 538 1278 alio
558 1212 612 1277 vel
631 1212 726 1277 aliud
749 1212 787 1278 in
810 1214 901 1300 ipso,
920 1235 998 1277 cum
1018 1233 1085 1297 quo
1110 1218 1162 1277 est
1186 1211 1400 1298 inpartibus
1420 1210 1491 1276 suis

344 1344 378 1402 et
409 1360 486 1403 cum
516 1359 582 1423 quo
612 1344 729 1424 partes
759 1361 840 1403 suae
871 1345 953 1403 sunt
983 1338 1020 1402 in
1050 1338 1140 1423 ipso,
1162 1359 1239 1401 cum
1264 1358 1332 1421 quo
1357 1335 1493 1421 aliquid

346 1470 442 1528 extra
461 1462 588 1544 mittit,
609 1485 687 1528 cum
706 1484 774 1548 quo
793 1462 888 1528 intus
912 1463 1070 1544 innovat,
1096 1468 1288 1527 commovet
1315 1468 1349 1526 et
1379 1461 1492 1527 inmu-

346 1593 399 1652 tat
418 1610 460 1652 ex
482 1587 658 1652 interno?'
677 1587 905 1674 respondetur
923 1610 985 1675 per
1005 1585 1275 1652 concomitantia
1295 1593 1329 1651 et
1348 1607 1490 1673 organa.

282 1719 323 1781 10
433 1713 639 1800 Exemplum
658 1713 790 1800 primae
814 1712 940 1801 speciei
962 1711 1057 1777 ‘cum
1077 1733 1145 1798 quo
1174 1718 1225 1777 est
1255 1711 1357 1776 homo
1387 1710 1426 1775 in
1454 1733 1490 1776 se

345 1837 665 1923 iustrumentative,
696 1861 756 1903 seu
787 1860 854 1923 quo
885 1844 936 1903 est
965 1837 1068 1902 homo
1098 1836 1136 1901 in
1166 1835 1243 1901 se?'
1262 1835 1492 1923 respondetur

345 1985 406 2028 suo
425 1986 512 2049 esse,
534 1985 594 2028 suo
617 1985 729 2050 posse,
750 1963 1023 2029 concomitanter
1042 1985 1120 2027 oum
1150 1961 1309 2028 omuibus
1334 1961 1377 2027 iis
1402 1984 1490 2046 quae

344 2089 482 2154 suntin
502 2111 554 2172 se,
575 2111 664 2175 quae
689 2088 732 2154 ad
751 2089 859 2175 ipsius
883 2110 918 2153 se
942 2087 1072 2152 habeut
1091 2086 1248 2170 modum,
1270 2109 1347 2152 cum
1366 2087 1490 2173 arrgelo

345 2214 447 2280 homo
465 2220 517 2279 est
540 2213 578 2277 iu
602 2236 649 2297 se,
669 2213 777 2280 idest
805 2212 893 2278 siout
922 2213 1074 2298 angelus.
1096 2212 1300 2298 Exemplum
1322 2210 1493 2277 secundae

281 2344 321 2407 15
345 2337 427 2423 ‘quo
446 2338 547 2405 homo
566 2338 674 2403 estin
693 2339 760 2403 alio
780 2336 1124 2403 iustrumentativel'
1145 2336 1272 2402 dicitur
1300 2337 1398 2402 iuxta
1423 2359 1491 2403 mo·

347 2463 427 2528 dum
447 2462 500 2528 sui
519 2463 654 2528 essendi
672 2463 709 2527 in
730 2462 797 2528 alio
816 2460 1136 2545 instrumentative,
1166 2483 1228 2548 per
1258 2460 1492 2526 instrumenta

347 2587 498 2675 corporis
516 2593 550 2652 et
571 2588 724 2670 animae,
744 2586 895 2672 haecque
919 2586 1151 2673 vegetativae‚
1171 2566 1369 2669 sensit-irae,
1391 2585 1492 2651 intel·

343 2714 501 2779 leot-ivae:
516 2714 565 2779 sio
583 2714 678 2778 visus
693 2711 790 2779 oculo
803 2719 855 2777 est
871 2713 909 2776 iu
924 2712 1134 2796 visibilibus,
1157 2711 1161 2800 1
1182 2712 1302 2797 lingua
1315 2718 1438 2797 gustus
1451 2711 1490 2777 in
1519 2717 1631 2783 678

345 2838 523 2925 gustabili,
553 2844 667 2903 tectus
695 2860 800 2902 rnanu
831 2839 869 2902 in
896 2837 1125 2923 tangibilibus
1149 2837 1204 2901 vel
1228 2835 1391 2902 extremis
1412 2836 1491 2902 aliis

278 2972 323 3035 ΞΟ
344 2964 521 3051 partibus,
542 2964 716 3030 abstracta
736 2963 848 3049 specie
867 2962 1065 3028 intellectus
1084 2962 1121 3027 in
1140 2960 1366 3048 intelligibili.
1387 2960 1490 3026 'Cum

344 3111 412 3174 quo
437 3094 487 3154 est
508 3089 778 3153 concomitanter
801 3089 839 3152 in
858 3086 963 3152 alic?
983 3110 1069 3174 resp.
1090 3109 1167 3151 oum
1187 3086 1230 3152 iis
1255 3108 1342 3172 quae
1364 3084 1402 3150 in
1421 3085 1489 3151 alio

344 3220 425 3280 sunt
454 3220 494 3278 ut
523 3212 635 3279 homo,
666 3212 873 3299 Exemplum
893 3212 1016 3277 tertiae
1042 3211 1136 3278 ‘oum
1168 3234 1235 3298 quo
1258 3212 1360 3278 homo
1380 3210 1490 3277 estin
1565 3281 1567 3285 ,

344 3337 502 3425 partibus
520 3337 603 3421 suis,
628 3360 688 3403 seu
706 3345 822 3424 partes
842 3359 923 3403 suae
939 3344 1021 3404 sunt
1040 3337 1184 3424 inipso,
1205 3360 1272 3423 quo
1293 3344 1344 3402 est
1362 3338 1490 3402 instru-

257 3493 260 3497 <
344 3461 576 3529 mentative‘l’
596 3486 683 3550 resp.
714 3485 776 3528 sua
806 3463 997 3546 totalitate,
1028 3485 1106 3528 cunr
1137 3463 1298 3528 omnibus
1328 3461 1370 3526 iis
1402 3482 1491 3547 quae

278 3591 320 3652 25
343 3594 426 3654 sunt
449 3588 668 3675 inpartibus
693 3588 776 3669 suia,
803 3596 837 3653 et
861 3588 952 3654 sicut
976 3588 1091 3653 omnia
1115 3610 1204 3674 quae
1228 3593 1309 3653 suut
1333 3586 1387 3653 vel
1411 3607 1491 3651 con·

344 3715 472 3779 sistunt
492 3713 530 3778 iu
550 3713 699 3799 quodam
723 3721 797 3779 toto
821 3715 876 3779 vel
901 3714 1075 3779 totalitate
1100 3713 1257 3798 quadarn.
1282 3711 1488 3798 Exemplum

344 3847 488 3926 quartae
504 3839 630 3927 speciei
649 3838 734 3925 ‘quo
754 3840 856 3905 homo
875 3839 1180 3904 instrumentative
1200 3835 1409 3903 transmittit
1428 3836 1489 3901 ali-

345 3964 430 4050 quid
450 3988 469 4030 a
489 3965 560 4031 sel’
580 3965 807 4052 respondetur
826 3986 888 4052 per
907 3964 991 4030 duas
1014 3963 1324 4029 instrumentorum
1344 3961 1486 4049 species,

437 4341 452 4390 5
464 4356 518 4404 sqq.
527 4340 556 4389 in
566 4340 687 4390 sel-in
697 4338 780 4406 ipso?
790 4343 835 4388 eto.
848 4337 885 4401 G,
896 4354 909 4387 a
919 4354 942 4387 υ.
954 4337 969 4384 7
982 4335 1090 4387 suntin
1101 4337 1164 4402 ipso
1175 4333 1188 4383 P
1198 4350 1264 4386 oum
1275 4335 1359 4385 ancta
1371 4331 1490 4384 ΡΑΑΞ·3

344 4419 611 4471 8.9immutatAG
674 4421 706 4471 18
721 4418 854 4481 guerno
916 4415 1248 4482 21024rcspondeturG
1310 4417 1350 4466 ⁴23.
1362 4415 1393 4464 24
1407 4414 1482 4481 ipso,

346 4517 402 4567 quo
417 4507 462 4553 est
474 4498 751 4553 instrumentntive?
766 4498 802 4551 G:
818 4498 901 4566 ipso?
915 4512 971 4566 quo
986 4510 1030 4549 ost
1044 4497 1312 4562 instrumentative,
1326 4496 1351 4546 P
