3414 5122
308 376 349 435 90
749 392 890 439 1311111131
912 396 1013 440 1111111

307 555 448 613 notatus
467 549 666 632 iracundus,
679 549 734 614 rel
753 572 841 615 unus
858 550 946 616 alius
960 551 1002 617 de
1018 552 1150 618 notatis
1166 551 1357 632 iracundis,
1373 573 1456 636 quo-

308 697 384 739 rum
404 674 504 740 modo
523 674 629 756 hunc,
650 674 751 740 modo
770 675 876 740 alium
895 683 970 762 (pro
993 677 1116 742 iisdem
1139 677 1178 744 in
1200 677 1320 742 eadem
1343 676 1457 763 prima

310 800 365 864 vel
383 798 533 864 secunda
556 799 611 864 vel
635 799 740 864 tertia
764 800 1020 866 combinatione
1039 800 1273 887 importunius
1296 800 1456 888 repetitis

309 923 501 1006 elementis)
520 924 558 988 in
576 947 677 989 usum
696 925 910 991 revocabam.

265 1048 287 1110 5
399 1049 567 1116 Soloi-tem
583 1049 639 1115 hie
660 1073 713 1114 me
727 1050 879 1115 reddidit
892 1049 1100 1136 quandoque
1115 1071 1243 1135 urgens
1255 1051 1456 1130 necessitas,

311 1183 351 1239 ut
372 1175 428 1239 vel
450 1174 621 1240 elementa
644 1177 891 1261 incomposita
914 1175 1066 1262 migrare
1093 1183 1199 1260 atque
1221 1175 1377 1259 extendi,
1402 1177 1458 1242 vel

311 1297 451 1363 haecin
470 1299 529 1363 1113
549 1300 739 1386 perstringi
763 1300 989 1385 contrahique
1012 1301 1258 1387 permitterem.
1284 1300 1343 1366 Sic
1364 1302 1458 1367 enim

314 1423 514 1489 membrana
545 1426 742 1511 propositae
776 1426 890 1490 minus
923 1424 1097 1490 sufficiens
1128 1426 1321 1512 scripturae
1353 1427 1457 1491 aliam

314 1547 382 1614 sibi
406 1549 584 1623 connetcti
607 1550 766 1635 requirit,
787 1551 841 1615 ve]
865 1572 901 1614 se
923 1549 1072 1614 nimium
1093 1572 1255 1636 capacem
1278 1550 1460 1637 angustari
1485 1560 1540 1624 ’7ν

253 1686 293 1749 10
315 1671 557 1760 decurtarique
576 1677 697 1761 magis.

403 1799 609 1865 Formarum
627 1801 955 1886 multiplicationem
973 1802 1023 1866 ita
1041 1801 1128 1866 mihi
1148 1802 1356 1887 quandoque
1372 1824 1462 1868 com·

315 1924 497 2010 parabam,
518 1932 638 2012 utpote
657 1949 736 1990 cum
753 1926 857 1991 semel
877 1927 963 1991 mihi
982 1927 1191 1992 elementum
1209 1929 1264 1994 vel
1284 1927 1460 1994 combina-

315 2055 391 2113 tum
409 2069 470 2133 per
493 2049 668 2114 hominem
698 2049 784 2115 mihi
803 2051 1019 2138 propositum
1051 2052 1272 2138 significarit,
1293 2075 1376 2119 mox
1403 2053 1460 2119 vel

315 2195 377 2260 per
410 2173 556 2239 eundem
588 2175 689 2240 aliter
719 2175 888 2260 aliterque
913 2177 1134 2263 insignitum,
1168 2177 1224 2245 vel
1249 2178 1373 2244 melius
1398 2200 1460 2265 per

253 2312 294 2375 15
316 2310 518 2390 operantem
543 2301 694 2368 eiusdem
726 2304 1006 2370 nomenclaturae
1034 2303 1156 2387 alium,
1181 2312 1243 2371 aut
1271 2304 1459 2370 foeminam

317 2439 379 2496 aut
409 2430 550 2496 brutum
589 2439 650 2495 aut
681 2430 913 2496 inanimatum
945 2430 1126 2516 quippiam
1155 2431 1261 2517 (quod
1291 2430 1335 2497 ad
1370 2431 1463 2496 idem

316 2559 373 2625 vel
391 2557 484 2623 idem
510 2557 720 2622 elementum
739 2557 960 2643 figurandum
987 2556 1324 2644 significandumque
1347 2558 1463 2624 fuerat

319 2684 529 2767 ordinatum)
547 2684 663 2770 ipsum
683 2682 829 2748 subinde
848 2704 1060 2767 consequens
1076 2682 1283 2770 aucupabar.

408 2811 476 2875 Hic
495 2810 565 2875 iam
595 2833 673 2875 cum
698 2832 752 2875 res
780 2809 882 2875 rebus
909 2817 1210 2892 connecterentur,
1240 2831 1285 2875 ne
1308 2809 1407 2894 quasi
1427 2808 1465 2874 in

253 2945 299 3008 20
321 2939 499 3004 confusam
534 2937 686 3024 corporis
714 2958 862 3001 massam
894 2936 1046 3000 membra
1074 2936 1319 3018 coalescerent,
1349 2935 1465 3022 capita

321 3086 477 3149 quaeque
512 3061 665 3128 numeris
700 3059 926 3140 illustrando,
957 3058 1197 3146 insigniendo,
1228 3060 1338 3126 veluti
1373 3060 1465 3125 iuter

321 3189 494 3271 cohortes,
524 3211 611 3273 quae
641 3210 711 3252 non
740 3209 839 3252 suum
869 3186 983 3269 modo,
1003 3184 1063 3250 sed
1090 3192 1125 3250 et
1144 3208 1285 3252 suorum
1308 3186 1466 3251 ordinem

322 3312 492 3378 efficacius
511 3312 693 3396 referrent,
713 3311 988 3399 prominentiora
1006 3311 1182 3376 constitui.

678 3607 745 3677 DE
776 3605 904 3672 ROTA
938 3605 1112 3672 FIGVLI.

806 3755 867 3794 xxi.
884 3752 983 3803 sigillus.

413 3991 570 4056 Duarum
588 3989 870 4077 praeceptionum
890 3988 1102 4053 connexione
1122 4011 1227 4073 quam
1247 3988 1377 4075 optime
1397 4011 1470 4053 3113-

325 4116 449 4183 cedens
474 4115 660 4182 artificium
689 4113 898 4202 adipisceris
926 4112 964 4177 Si
989 4112 1130 4198 inquam
1161 4136 1223 4199 pro
1250 4120 1388 4178 centum
1414 4112 1468 4178 vel

420 4395 487 4445 lc2
503 4394 651 4444 iracundia
669 4395 802 4460 (quorum
820 4409 833 4441 3
854 4389 938 4442 modo
954 4391 1043 4440 alium
1064 4405 1116 4457 pro
1141 4390 1243 4438 iisdem
1306 4388 1338 4436 26
1354 4400 1468 4454 precep-

326 4474 439 4527 tionum
