3414 5122
562 429 606 475 Da
627 429 784 477 murana
805 429 1060 476 costssmunoam.

717 707 761 748 1v.
774 707 910 749 membrum.

335 930 458 1015 Itaque
488 936 595 995 artem
625 929 714 996 hanc
738 955 758 996 a
787 931 995 1017 Raymundo
1023 930 1137 996 Lullio
1162 929 1385 995 adinventam
1409 931 1443 993 h
1461 929 1514 991 3v

246 1055 297 1119 ita
317 1054 563 1142 complevimus
583 1063 618 1121 et
641 1056 684 1122 ab
714 1056 807 1121 omni
838 1056 1177 1144 contemptibilitatis
1204 1059 1388 1143 praetextu

247 1180 514 1267 vindicavimus,
546 1188 585 1246 ut
615 1182 755 1247 omnino
785 1183 964 1270 proprium
995 1182 1111 1248 orbern
1135 1180 1219 1246 adeo
1240 1179 1388 1266 comple·

205 1310 225 1373 5
248 1305 338 1372 visse
358 1313 600 1392 cognoscatur,
622 1313 661 1372 ut
680 1307 820 1373 omnino
840 1308 1052 1396 impossibile
1071 1306 1117 1372 sit
1135 1306 1167 1370 ei
1184 1310 1258 1393 (pro
1274 1304 1391 1370 homo-

248 1431 379 1516 geneis)
399 1430 533 1517 aliquid
553 1433 702 1520 amplius
721 1433 877 1498 adiicere.
898 1431 935 1497 Si
952 1455 1039 1519 quae
1057 1438 1172 1498 autem
1191 1438 1272 1496 sunt
1302 1451 1389 1514 quae

249 1554 372 1621 latiora
391 1557 554 1623 videntur
574 1558 801 1644 explicatione
825 1558 993 1644 indigere,
1018 1557 1130 1643 qualis
1160 1562 1212 1621 est
1242 1553 1390 1641 amplior

249 1687 284 1744 et
306 1687 466 1747 extentus
485 1682 623 1748 tabulae
642 1706 788 1769 magnae
806 1692 926 1771 typus,
947 1684 1031 1748 haec
1050 1680 1165 1748 omnia
1195 1686 1230 1746 et
1258 1679 1327 1745 alia
1346 1677 1390 1743 ad

249 1805 370 1872 horum
390 1808 667 1874 circumstantias
686 1808 850 1876 facientia
869 1808 1156 1875 sufficientissime
1171 1807 1209 1872 in
1225 1805 1314 1871 libro
1333 1803 1391 1867 De

185 1933 227 1997 10
250 1932 527 2000 architectura
550 1934 652 1999 artis
676 1934 890 2001 Lullianae
914 1934 1050 2001 anobis
1066 1939 1186 1999 extant
1202 1931 1390 2012 enucleata,

250 2057 346 2123 cuius
366 2057 504 2143 quidem
522 2061 802 2147 pertractationis
821 2060 1031 2126 intentiones
1055 2059 1131 2124 istis
1156 2058 1309 2124 adiectae
1332 2077 1393 2142 pa-

250 2183 415 2248 tefacient
445 2207 507 2249 nos
537 2185 625 2250 nihil
656 2202 786 2269 eorum,
812 2189 900 2272 quae
930 2185 973 2251 ad
1000 2185 1202 2251 facultatem
1225 2203 1393 2265 usumque

250 2309 442 2394 praesentis
461 2311 546 2376 artis
564 2310 715 2395 faciunt,
738 2311 741 2399 t
762 2311 1040 2399 praetermisisse.
1062 2310 1264 2394 Quicunque
1284 2305 1393 2392 igitur
1418 2308 1525 2372 ”202

251 2434 374 2500 horum
403 2434 542 2501 futurus
572 2437 681 2502 lector
708 2460 742 2502 es
773 2445 806 2502 et
835 2437 1021 2518 studiosus,
1054 2436 1083 2500 si
1113 2435 1279 2500 hactenus
1307 2432 1391 2496 istas

188 2570 229 2632 15
253 2559 366 2624 minus
392 2560 498 2626 fueris
526 2584 709 2647 assequens
739 2563 967 2644 intentiones,
987 2583 1074 2648 roga
1096 2561 1208 2626 Deum
1230 2563 1270 2623 ut
1299 2579 1392 2644 repa·

253 2684 327 2750 titis
345 2686 479 2752 actibus
494 2688 726 2773 consequaris,
740 2711 828 2774 quae
843 2687 972 2775 quanto
987 2686 1210 2775 profundiore
1225 2684 1393 2749 coniecta·

252 2810 343 2876 veris
362 2811 516 2898 ingenio,
536 2819 635 2879 tanto
654 2837 695 2879 ex
718 2814 953 2881 intimioribus
975 2811 1187 2879 inventionis
1215 2810 1315 2875 istius
1346 2807 1392 2872 ef·

254 2938 341 3003 fores
373 2943 541 3022 encomia,
567 2946 601 3005 et
628 2946 726 3006 tanto
757 2940 902 3006 maiores
936 2940 1049 3005 Lullio
1084 2935 1272 3019 inventori,
1307 2933 1392 3000 mihi

256 3065 424 3130 excultori
447 3071 482 3130 et
505 3065 577 3131 Deo
598 3065 766 3131 bonorum
786 3065 940 3132 omnium
956 3063 1134 3152 elargitori
1153 3062 1283 3150 gratias
1301 3081 1393 3144 agas.

348 3401 365 3448 8
381 3403 516 3449 extentus
530 3400 605 3448 A'ffl:
622 3403 774 3450 extsnctus
792 3399 855 3449 PA:
880 3402 1017 3448 extensus
1037 3397 1060 3446 θ
1125 3395 1155 3448 15
1174 3396 1348 3457 assequutus
1371 3390 1396 3441 G

258 3481 287 3528 19
303 3479 380 3530 Finis
394 3476 542 3530 sottoscra'ue
558 3479 581 3530 G
