3414 5122
395 394 440 437 nn
461 383 691 437 oournuomsn
715 388 966 434 anonirnorvnn
989 385 1084 430 anns
1105 384 1224 428 ivnon.
1343 368 1382 425 45
1427 442 1430 447 Ι

242 554 310 632 tra,
330 547 469 635 apogia,
485 546 633 634 perigia,
654 544 833 610 verticalis
848 549 882 608 et
900 543 943 607 iis
963 540 1121 629 opposita
1140 546 1174 605 et
1194 560 1382 624 congenea,

244 673 377 759 circuli,
399 696 519 756 zonae,
550 694 643 757 axes,
669 669 842 753 diametri,
872 667 1004 754 anguli,
1025 664 1239 753 superficies;
1261 671 1383 750 quarto

244 821 347 885 penes
366 798 439 863 eius
458 797 633 885 potentias
649 803 684 862 et
703 795 866 880 influxus,
889 793 948 879 qui
967 793 1010 858 ab
1030 791 1181 857 erroneis
1200 797 1234 855 et
1253 789 1330 853 fixis
1350 794 1384 853 et

243 947 358 991 eorum
380 922 694 1005 coniunctionibus,
720 918 995 1008 oppositionibus
1017 916 1162 1002 aliisque
1187 914 1383 1002 aspectibus

198 1048 219 1113 5
242 1051 493 1138 producuntur,
507 1049 548 1113 de
561 1048 687 1134 quibus
699 1069 738 1112 ea
750 1043 1012 1111 mathematicae
1032 1046 1037 1128 Ι
1058 1063 1151 1129 pars,
1164 1062 1267 1129 quam
1281 1045 1386 1104 astro·
1412 1039 1500 1117 39¹·

242 1176 371 1262 logiam
389 1175 529 1262 proprie
544 1173 674 1239 dicunt.
695 1170 860 1238 Collectio
879 1167 1106 1235 terminorum
1122 1165 1268 1245 subiecti
1287 1186 1384 1253 prae-

243 1301 363 1385 sentis,
381 1299 570 1367 secundum
590 1298 744 1385 singulas
768 1293 1052 1362 considerationis
1073 1291 1216 1379 species,
1236 1313 1298 1378 per
1315 1313 1385 1354 cae·

242 1434 317 1493 tera
332 1427 505 1515 principia
525 1424 705 1512 sigillatim
726 1423 843 1505 ducta,
863 1420 1037 1485 infinitam
1057 1440 1230 1505 nugarum
1249 1415 1384 1503 copiam

241 1553 491 1622 subministrat.
531 1552 577 1617 Et
607 1548 805 1616 extenditur
843 1568 1004 1634 praesens
1035 1544 1226 1610 subiectum
1254 1564 1316 1629 per
1345 1562 1384 1605 ea

177 1682 220 1746 10
243 1702 329 1765 quae
348 1684 553 1766 sequuntur,
568 1678 605 1742 in
625 1676 751 1762 quibus
770 1673 930 1740 omnibus
945 1671 1063 1736 influit
1078 1677 1112 1735 et
1132 1668 1175 1734 ad
1195 1691 1281 1754 quae
1302 1687 1384 1753 quo·

240 1806 477 1892 modocunque
505 1827 540 1869 se
570 1803 683 1869 habet.
704 1802 792 1866 Item
819 1822 882 1887 per
910 1797 1150 1863 antecedentia
1170 1795 1338 1878 subiecta,
1364 1815 1384 1857 a

240 1929 366 2016 quibus
396 1935 448 1994 est
475 1928 681 2016 productum
710 1935 813 2011 atque
841 1932 986 2006 motum,
1007 1928 1042 1988 et
1065 1922 1190 2008 quibus
1209 1927 1249 1985 ut
1267 1918 1384 2006 physi-

242 2076 321 2120 cum
341 2054 527 2141 archetypo
547 2051 739 2141 respondet.

660 2400 694 2439 Do
710 2402 790 2448 quarto
802 2399 909 2440 subtecto.
925 2398 951 2438 a.

174 2654 216 2718 15
329 2644 497 2721 Quartum
512 2643 718 2728 subiectum,
738 2645 829 2730 quod
846 2650 898 2710 est
917 2644 1030 2709 Homo
1050 2642 1200 2710 medium
1221 2643 1381 2710 substan-

239 2771 379 2852 tiarum,
409 2770 564 2835 extendit
591 2777 635 2835 et·
654 2768 863 2856 multiplicat
894 2768 1221 2856 contemplationem
1246 2777 1281 2834 et
1301 2793 1380 2835 con·

239 2903 372 2983 ceptus,
392 2896 504 2981 primo
523 2919 627 2983 penes
646 2895 781 2960 animae
800 2895 997 2978 essentiam,
1019 2895 1191 2982 potentias
1211 2902 1246 2959 et
1265 2917 1381 2983 opera·

237 3020 363 3104 tiones,
384 3019 422 3084 in
442 3020 567 3106 quibus
587 3021 823 3086 consideratur
840 3028 915 3085 tum
940 3028 1108 3105 quantum
1133 3020 1176 3086 ad
1199 3021 1379 3107 proprium

239 3145 373 3211 essendi
401 3145 559 3227 modum,
593 3153 668 3211 tum
696 3145 801 3210 etiam
832 3154 999 3230 quantum
1028 3144 1071 3210 ad
1100 3145 1380 3211 communionem

172 3287 217 3351 20
239 3270 515 3358 praedicatorum
537 3271 706 3355 omnium,
727 3271 992 3358 proprietatum,
1012 3271 1165 3357 partium
1195 3278 1229 3336 et
1258 3273 1385 3358 specie·

238 3419 315 3462 rum
339 3396 583 3482 rationumque
611 3397 778 3480 omnium,
804 3418 891 3480 quae
915 3395 1091 3482 superiora
1116 3396 1271 3462 subiecta
1295 3396 1382 3461 reci-

237 3521 354 3610 piunt,
375 3520 467 3586 unde
486 3521 614 3604 omnia,
636 3544 723 3607 quae
746 3522 923 3608 pertinent
943 3521 986 3586 ad
1005 3523 1131 3603 Deum,
1152 3522 1328 3608 Angelum
1347 3530 1382 3587 et

238 3645 393 3726 Caelum,
414 3645 514 3712 modo
538 3668 599 3711 suo
619 3647 662 3711 ad
687 3646 872 3711 Hominem
891 3646 1083 3732 pertinent,
1105 3647 1253 3712 secundo
1272 3670 1379 3733 penes

239 3770 390 3857 corporis
409 3771 588 3851 essentias,
602 3773 776 3859 potentias
789 3779 823 3836 et
836 3773 1084 3862 operatiolnes,
1104 3774 1284 3858 inquibus
1305 3796 1382 3838 con-
1407 3790 1497 3855 29v

173 3908 216 3972 25
239 3894 410 3960 sideratur
428 3903 502 3962 tum
519 3904 687 3981 quantum
709 3895 751 3961 ad
770 3896 948 3983 proprium
974 3898 1108 3964 essendi
1128 3897 1283 3979 modum,
1304 3905 1380 3966 tum

240 4019 344 4084 etiam
362 4029 531 4104 quantum
560 4020 604 4085 ad
628 4021 918 4106 communionem,
943 4046 1045 4108 quam
1078 4023 1182 4088 habet
1202 4043 1278 4087 curn
1299 4022 1382 4088 infe·

239 4143 389 4210 rioribus
408 4144 573 4211 subiectis
592 4145 629 4210 in
647 4146 805 4234 partibus
825 4155 859 4213 et
888 4139 1174 4236 proprietatibus,
1198 4148 1380 4235 principiis

321 4449 371 4501 ⁴10.
382 4451 412 4500 ll
429 4449 666 4518 quomodocuque
678 4452 716 4502 P:
732 4451 996 4518 quomodocumque
1012 4450 1036 4501 G
1098 4451 1129 4503 23
1145 4451 1294 4502 coelum&
