3414 5122
566 419 610 461 DE
634 418 789 461 raiMPann
810 418 1066 463 ‹tounmaroma

719 712 758 753 IV.
775 713 909 754 nemorum.

333 943 489 1031 Simplex
508 942 737 1031 apprehensio
756 942 809 1026 fit,
830 966 907 1008 cum
931 946 1119 1012 terminum
1144 969 1203 1011 seu
1222 946 1391 1013 definitio-

246 1093 338 1152 nem,
354 1092 478 1155 nempe
494 1068 639 1134 alicuius
651 1091 723 1132 esse
736 1069 789 1132 vel
803 1069 996 1152 essentiam,
1010 1070 1222 1156 concipimus
1234 1071 1391 1137 absolute

246 1201 280 1260 et
299 1193 488 1260 secundum
509 1216 556 1276 se,
574 1201 613 1258 ut
633 1216 710 1258 cum
727 1200 841 1258 mente
861 1193 1149 1281 apprehendimus
1168 1194 1393 1282 significatio-

202 1321 222 1385 5
246 1342 326 1384 nem
346 1317 448 1384 huius
468 1317 678 1403 incomplexi
697 1317 838 1382 termini
855 1318 976 1400 Deus3
992 1319 1135 1405 ipsaque
1153 1320 1391 1407 proportiona-

246 1450 305 1509 tur
328 1443 442 1531 primo
472 1442 777 1528 grammaticorum
796 1444 993 1530 apparatui,
1013 1444 1072 1530 qui
1091 1445 1190 1511 docet
1208 1445 1321 1532 primo
1341 1468 1394 1511 co·

246 1590 413 1655 gnoscere
423 1568 629 1633 elementum
644 1567 684 1632 A.
698 1566 910 1655 Compositio
923 1568 975 1651 fit,
989 1593 1066 1634 cum
1076 1571 1177 1657 plura
1188 1571 1393 1657 simpliciter

249 1692 465 1780 apprehensa
483 1691 641 1772 unimu3‚
660 1715 784 1778 nempe
814 1693 875 1758 ubi
905 1693 947 1760 de
966 1716 1035 1759 uno
1055 1694 1150 1760 aliud
1168 1695 1393 1776 affirmamus,

249 1825 289 1883 ut
307 1822 494 1904 postquam
513 1839 574 1903 per
591 1817 739 1902 primam
760 1817 931 1883 actionem
945 1818 1105 1884 novimus
1122 1819 1207 1904 quid
1221 1820 1394 1905 significet

190 1942 230 2006 10
252 1941 370 2022 Deua,
385 1938 469 2024 quid
481 1937 655 2023 significet
673 1938 834 2021 bonum,
849 1962 928 2004 mox
940 1964 1002 2027 per
1014 1943 1200 2009 secundam
1214 1967 1394 2010 noscamus

249 2067 362 2132 dicere
386 2068 493 2132 Deus
520 2072 581 2131 est
604 2065 743 2131 bonus
763 2065 898 2132 Divisio
917 2068 970 2150 fir,
991 2067 1052 2132 ubi
1071 2067 1171 2155 plura
1191 2069 1395 2155 simpliciter

250 2193 466 2280 apprehensa
482 2191 694 2278 concipimus
711 2214 781 2257 non
793 2215 892 2278 posse
904 2193 1092 2276 cohaerere,
1106 2194 1393 2279 qnandoquidem,

250 2325 333 2384 noto
355 2318 439 2403 quid
462 2316 637 2404 significat
653 2339 778 2382 nomen
798 2318 904 2383 Deus
924 2326 958 2383 et
977 2319 1061 2403 quid
1076 2318 1250 2404 significat
1269 2341 1395 2384 nornen

251 2466 411 2531 corpus,
429 2444 586 2508 ducimur
600 2443 644 2509 ad
659 2443 857 2539 negandum
877 2445 1023 2511 alterum
1043 2445 1086 2510 ab
1107 2447 1229 2528 altero,
1250 2445 1395 2511 dicendo

188 2572 228 2636 15
252 2570 358 2636 Deus
391 2592 468 2635 non
502 2576 563 2635 est
592 2575 596 2655 l
626 2593 789 2657 corpus;
821 2579 855 2636 et
883 2572 967 2637 hacc
992 2572 1082 2638 actio
1111 2571 1396 2658 proportionetur
1418 2570 1448 2632 b
1466 2572 1521 2632 4v

252 2695 402 2760 secundo
421 2695 675 2781 grammaticali
694 2697 890 2783 apparatui,
910 2697 970 2781 qui
986 2696 1084 2762 docet
1101 2704 1304 2762 connectere
1320 2719 1399 2762 con·

251 2828 434 2886 sonantem
453 2821 484 2885 B
503 2844 579 2887 cum
599 2845 660 2908 per
688 2844 723 2887 se
751 2829 896 2888 sonante
915 2823 961 2906 A,
990 2822 1196 2909 proferendo
1227 2823 1397 2909 syllabam

252 2946 283 3010 B
295 2946 344 3030 A,
356 2946 441 3012 item
456 2946 601 3012 duarum
616 2947 671 3011 vel
691 2947 844 3034 plurium
864 2921 1129 3014 consonantium
1149 2948 1397 3013 connexionem

254 3073 384 3156 absque
411 3072 524 3138 vocali
553 3095 625 3138 esse
653 3079 799 3156 mutam,
832 3072 1068 3158 cognoscendo
1087 3072 1145 3137 Bo
1164 3072 1295 3138 nullam
1326 3093 1397 3135 esse

187 3205 231 3269 20
254 3200 433 3286 syllabam.
463 3199 646 3266 Discursus
679 3201 750 3266 sive
779 3199 1035 3286 argumentatio
1065 3206 1129 3284 est,
1162 3221 1240 3263 curn
1269 3219 1310 3263 ex
1329 3220 1398 3263 uno

254 3327 445 3413 composito
465 3327 520 3392 vel
540 3326 668 3407 divim,
686 3349 763 3392 cum
783 3325 914 3391 scilicet
933 3349 975 3390 ex
995 3348 1062 3392 uno
1080 3325 1249 3392 affirmato
1265 3325 1321 3391 vel
1340 3346 1398 3388 ne-

253 3462 335 3541 gato
366 3454 410 3519 ad
439 3453 534 3518 aliud
565 3453 744 3540 quippiam
774 3453 957 3518 deductiva
981 3453 1059 3518 inde
1084 3451 1324 3518 affirmandum
1344 3451 1399 3515 vel

255 3583 452 3669 negandum
470 3581 737 3669 proficiscimur,
760 3588 797 3646 ut
817 3603 895 3645 curn
920 3604 961 3645 ex
984 3580 1048 3646 hac
1072 3580 1319 3666 compositione
1338 3602 1398 3644 seu

255 3707 485 3774 affirmatione
508 3706 616 3771 Deus
644 3716 706 3772 est
736 3706 881 3788 bonus,
908 3707 949 3771 ad
970 3706 1103 3790 aliquid
1124 3705 1127 3792 l
1149 3705 1242 3770 aliud
1263 3728 1398 3792 compo·
1425 3709 1532 3772 639

192 3833 410 3903 aeneadum
433 3832 649 3920 procedimus
674 3832 746 3897 sive
770 3830 1026 3913 affirmandum,
1047 3828 1191 3895 dicendo
1215 3851 1312 3915 ergo
1336 3836 1399 3894 est

256 3959 320 4024 sui
351 3957 734 4041 communicatiVUS,
766 3957 819 4020 vol
852 3955 896 4021 ad
927 3956 1057 4041 aliquid
1086 3954 1311 4019 dividendum
1340 3977 1399 4018 seu

257 4082 471 4170 negandum,
505 4082 650 4147 dicendo
685 4103 780 4166 ergo
808 4103 888 4146 non
921 4079 1096 4161 invidet3
1128 4088 1164 4144 et
1196 4079 1280 4142 haec
1309 4062 1399 4143 actio

353 4410 383 4459 13
399 4409 545 4473 significet
561 4414 623 4459 latta
640 4424 653 4456 e
669 4407 719 4458 duc
732 4406 754 4455 lc
772 4405 839 4455 volte
857 4404 881 4456 G
943 4405 973 4453 21
991 4402 1128 4454 affirmato
1141 4400 1206 4450 AG:
1222 4399 1360 4452 affirmato
1375 4399 1401 4452 P

259 4493 291 4542 25
309 4492 490 4561 procedimus
507 4488 582 4540 ms:
601 4488 797 4557 praecedimus
811 4486 837 4537 P
