3414 5122
598 429 642 472 nn
661 429 847 473 sracraavu
868 429 1051 474 scavrrnro.
1337 415 1396 473 353

253 587 439 652 secundum
467 609 516 670 se,
533 593 572 651 ut
600 608 678 651 cum
706 586 861 672 quaestio
892 594 943 651 est
974 585 1016 652 de
1041 587 1215 669 bonitate3
1245 586 1397 673 quando-

254 711 479 796 quesumiter
498 712 660 776 eumalio
680 712 894 799 incomplexe
914 723 1065 798 sumptu,
1084 723 1123 778 ut
1143 735 1220 777 cum
1240 713 1395 798 quaestio

253 842 304 902 est
324 836 365 901 (le
384 837 539 902 bonitate
560 836 693 918 mundi,
715 836 756 902 de
780 837 870 903 bono
890 850 1046 921 naturae,
1067 837 1109 901 de
1132 838 1222 903 bono
1246 861 1394 919 summm

253 962 440 1048 aliquando
465 963 468 1050 l
491 962 638 1028 sumitur
661 944 739 1028 cuin
763 963 830 1028 alio
857 964 1032 1051 complexe
1060 972 1219 1050 sumpte,
1245 971 1285 1030 ut
1318 988 1394 1031 cum
1419 969 1519 1032 1³6¹·

209 1099 229 1161 5
254 1088 410 1172 quaestio
430 1097 481 1153 est
500 1088 541 1153 tle
568 1088 725 1154 bonitate
754 1089 969 1154 aeternitatis
1002 1089 1131 1154 mundi.
1151 1088 1272 1155 Omnis
1304 1089 1396 1155 enim

253 1214 409 1297 quaestio
437 1215 478 1280 de
508 1213 663 1279 subiecto
683 1214 799 1300 aliquo
820 1223 880 1280 aut
900 1215 1048 1280 sumitur
1065 1215 1139 1280 sine
1161 1216 1279 1301 aliquo
1305 1217 1396 1302 quod

252 1339 358 1404 verbo
380 1339 549 1423 adiaceat,
570 1346 627 1405 ut:
653 1362 710 1423 an,
733 1341 828 1425 quid,
846 1341 887 1405 de
917 1362 998 1426 quc,
1020 1363 1126 1426 quare
1155 1350 1218 1406 eto.
1248 1340 1397 1406 mundus

253 1464 328 1528 est?
355 1471 414 1530 aut
444 1465 592 1530 sumitur
616 1488 693 1530 cunr
726 1488 795 1531 uno
823 1464 1012 1549 adiacente,
1046 1475 1098 1531 ut:
1130 1489 1187 1549 au,
1227 1466 1323 1551 quid,
1355 1466 1397 1531 (le

253 1611 320 1673 quo
349 1597 411 1654 etc.
439 1590 587 1655 mundus
607 1599 659 1655 est
688 1592 873 1656 aeternus?
904 1600 964 1656 aut
993 1592 1142 1657 sumitur
1160 1614 1237 1657 curu
1263 1591 1397 1656 duobus

189 1719 229 1782 10
252 1715 307 1780 vel
330 1716 488 1802 pluribus
508 1717 759 1800 adiacentibus,
784 1728 838 1782 ut:
860 1741 917 1800 au,
938 1716 1036 1802 quial,
1057 1716 1245 1802 quomode,
1267 1717 1396 1782 bonurn

252 1847 303 1905 est
322 1840 490 1906 mundum
504 1843 628 1907 essc'in
641 1849 780 1907 aeterna
794 1842 1039 1908 concordantia
1052 1850 1086 1907 et
1100 1841 1317 1907 differentia?
1332 1851 1396 1908 etc.
1411 1834 1416 1842 ’

251 1966 303 2030 De
319 1966 465 2032 aliorum
480 1968 711 2033 membrorum
730 1968 852 2053 primis
872 1967 1029 2032 terminis
1046 1966 1137 2032 idem
1152 1976 1203 2032 est
1220 1967 1395 2033 iudicium.

251 2090 340 2155 Item
357 2093 445 2156 sicut
466 2092 578 2178 ipsum
603 2093 645 2176 B,
666 2094 754 2177 qual
773 2093 915 2179 ponitur
935 2116 996 2180 pro
1017 2093 1186 2176 subiecto,
1212 2091 1397 2179 tripliciter

159 2204 161 2211 Α
252 2217 342 2282 suini
380 2240 479 2303 posse
515 2218 661 2301 dicitur,
696 2219 745 2283 ita
779 2219 965 2306 tripliciter
993 2242 1090 2305 posse
1120 2220 1209 2284 sumi
1244 2227 1396 2284 caeteros

187 2351 228 2412 15
253 2343 419 2409 terminos
451 2348 502 2425 (ut
528 2344 565 2409 in
591 2345 654 2410 hoo
675 2346 748 2410 loco
768 2345 841 2427 OD)
868 2344 1095 2429 intelligatur.
1116 2344 1235 2431 Ipsum
1259 2366 1338 2410 vero
1359 2343 1397 2409 in

253 2492 321 2534 uno
342 2468 592 2536 demonstrasse
613 2469 747 2535 sufficit.

340 2596 416 2660 Hoc
435 2605 537 2682 pacto
557 2596 665 2662 veluti
685 2596 876 2678 confusam,
895 2597 1076 2661 obscuram
1099 2604 1134 2660 et
1157 2592 1395 2682 imperfectam
1421 2607 1520 2670 619

252 2721 407 2787 tabulam
426 2722 661 2804 distinximus,
682 2722 945 2788 clarificavimus
965 2730 1000 2786 et
1018 2720 1234 2808 perfecimus.

520 3050 587 3101 (Cap.
605 3050 681 3102 VIII.)
698 3052 731 3092 Do
746 3052 894 3090 terrnlnorum
909 3053 967 3092 artis
981 3053 1127 3092 fonnattone.

186 3305 229 3366 20
342 3298 513 3377 Quoniam
543 3320 624 3363 vero
655 3298 740 3363 artis
768 3297 870 3365 huius
903 3321 983 3363 usus
1013 3299 1144 3383 absque
1168 3297 1394 3361 terminorum

252 3428 429 3516 alphabeti
461 3438 623 3514 prompta
657 3433 691 3490 et
725 3424 886 3490 ordinata
920 3425 1226 3511 comprehensione
1260 3423 1394 3488 difficil-

253 3556 356 3620 limus
376 3560 443 3635 est,
469 3554 606 3618 obeam
631 3574 767 3618 eausam
791 3552 892 3617 hosce
923 3552 1143 3638 figurationis
1174 3573 1322 3616 canones
1342 3550 1394 3615 in·

253 3680 438 3746 stituimus

342 3805 396 3895 (I.)
412 3805 543 3870 Novem
561 3827 601 3869 ex
612 3803 705 3875 ‚facie
722 3805 808 3870 bene
822 3810 922 3869 notos
935 3801 1088 3868 homines
1103 3801 1297 3884 adsciscitO,
1312 3823 1394 3886 quo·
1418 3804 1447 3865 b
1464 3805 1516 3868 6v

187 3934 229 3996 ⁵25
253 3953 330 3996 rum
350 3931 487 4016 singula
518 3932 659 3996 nomina
679 3929 734 3995 vel
762 3931 903 4016 propria
926 3929 982 3993 vel
1010 3936 1070 3993 tua
1095 3927 1317 3993 institutione
1336 3949 1394 4014 ap-

252 4057 431 4143 propriata
449 4080 469 4121 a
488 4057 635 4142 singulis
654 4055 777 4121 horum
808 4056 1056 4120 elementorum
1075 4054 1215 4120 initium
1240 4060 1392 4137 sumant,

345 4336 362 4384 9
376 4337 439 4397 (nou
452 4335 468 4384 6
480 4350 493 4384 e
504 4335 529 4399 8)
545 4334 669 4384 sumitur
683 4331 747 4383 AG:
763 4332 917 4383 summitur
931 4331 957 4381 P
1004 4332 1033 4382 11
1046 4347 1094 4382 om.
1110 4330 1128 4380 l'
1139 4329 1333 4395 interropotivo
1342 4330 1392 4382 Pe

253 4412 1392 4480 190rrvr..(aie)Determinorumetc.P:Determinorumetc.0aputVIII.AG;

253 4498 288 4561 cf.
304 4514 321 4547 a
333 4513 361 4562 p.
378 4497 465 4557 336,2
528 4496 560 4545 22
576 4511 638 4546 eam
651 4496 686 4545 ob
701 4500 882 4561 traapouqono
895 4492 948 4546 AG
1010 4495 1042 4545 24
1059 4494 1110 4554 (I.)
1127 4494 1162 4545 G:
1180 4509 1228 4544 ont.
1244 4492 1360 4543 Pam-³

387 4590 464 4632 Burni
479 4590 533 4642 opp.
546 4592 585 4630 lat.
602 4589 637 4640 ΙΙ,
652 4590 671 4630 8.
1208 4587 1234 4628 ⁴5
