3414 5122
627 457 774 503 erormvs
797 458 1006 506 smrmouvu.
1334 444 1392 502 205

246 613 391 700 species,
420 612 475 678 ΠΙ
509 613 684 680 simulacri
718 614 864 702 species,
896 614 947 682 IV
975 613 1217 680 similitudinis
1246 613 1390 699 specieS,

246 741 278 807 V
293 740 456 827 imaginis
476 741 619 828 species,
636 742 686 808 VI
702 743 828 830 spectri
846 743 989 830 speciae,
1007 742 1076 808 VII
1091 741 1297 830 exemplaris
1317 764 1392 828 spe-

247 868 326 950 cies,
356 890 464 953 usqne
494 867 537 934 ad
567 867 675 955 sigilli
702 867 859 956 speeiem.
893 868 1048 935 Subinde
1079 867 1231 935 Iforma
1251 869 1391 956 speciei,

244 992 281 1058 ll
300 992 411 1059 forma
430 992 573 1080 figurae,
591 993 646 1059 III
665 992 776 1060 forma
795 994 984 1080 simulacri,
1006 1017 1113 1081 usque
1134 994 1179 1061 ad
1198 995 1307 1082 sigilli
1325 994 1392 1060 for-

200 1127 221 1190 5
245 1141 345 1185 mam.
366 1119 420 1184 Ita
439 1118 600 1208 deinceps
620 1126 772 1185 caeterae
787 1118 983 1186 indumenti
1003 1120 1134 1208 species
1157 1120 1316 1207 singulae
1332 1143 1392 1208 per

245 1251 397 1312 caeteras
416 1245 502 1312 alias
523 1244 749 1320 deducuntur.

333 1372 429 1438 Haec
447 1372 607 1438 deductio
627 1371 845 1458 significatur
865 1371 901 1437 iu
921 1394 961 1438 ea
979 1372 1106 1460 figura,
1136 1396 1241 1459 quam
1267 1395 1387 1461 suppo-

244 1495 387 1581 suimus,
408 1497 468 1564 ubi
487 1496 625 1584 singula
645 1496 815 1563 elementa
829 1504 924 1563 rotae
943 1497 1153 1564 intrinsecae
1173 1497 1390 1567 deducuntur

244 1622 437 1710 peremnia
456 1630 553 1689 rotae
573 1622 799 1706 extrinsecae,
823 1623 878 1689 vel
909 1647 967 1708 ea,
999 1647 1086 1710 quae
1117 1631 1199 1691 sunt
1229 1625 1267 1690 in
1298 1631 1391 1692 recto

180 1763 222 1825 10
244 1756 341 1814 extra
360 1747 528 1815 circulum
548 1747 743 1835 designata,
764 1749 1008 1835 ingrediuntur
1032 1750 1199 1817 circulum
1222 1772 1284 1838 per
1305 1750 1351 1834 A,
1372 1772 1392 1815 a

245 1895 313 1958 quo
345 1896 407 1960 per
440 1881 617 1939 tensarum
647 1875 817 1941 linearum
848 1875 1004 1941 ordinem
1036 1876 1072 1940 in
1104 1875 1172 1941 alia
1192 1875 1391 1940 discurrunt

245 1998 384 2084 oblique
414 2005 562 2086 sumpta.
594 1997 777 2085 Significat
805 1999 915 2087 igitur
939 2002 970 2066 A
989 2002 1156 2089 speciem,
1178 2000 1208 2064 B
1227 2000 1390 2086 figuram,

244 2125 270 2190 0
288 2125 522 2208 simulacrum,
539 2125 570 2188 D
587 2125 868 2213 similitudinem,
887 2128 916 2192 Ε
934 2127 1143 2214 imaginem,
1160 2127 1189 2190 F
1205 2134 1389 2214 spectrum,

245 2250 276 2315 G
293 2251 479 2337 exemplar,
497 2250 531 2314 H
547 2250 728 2335 indicium,
748 2252 765 2316 I
783 2253 935 2338 signum,
956 2254 990 2318 K
1010 2259 1148 2338 notam,
1168 2254 1197 2319 L
1218 2254 1391 2319 characte-

181 2387 221 2449 15
244 2399 328 2461 rem,
349 2377 385 2442 M
404 2376 567 2464 sigillum.
588 2376 682 2441 Haec
705 2377 755 2442 ita
774 2377 962 2444 ordinatim
985 2384 1066 2444 sunt
1088 2380 1092 2463 1
1114 2387 1330 2460 enumerata,
1351 2383 1391 2443 ut
1414 2391 1444 2458 q
1466 2381 1508 2441 1ν

245 2508 375 2590 septem
393 2502 506 2590 prima
525 2501 635 2568 veluti
655 2525 717 2590 per
735 2502 907 2588 picturam
926 2509 961 2568 et
979 2503 1193 2591 sculpturam
1214 2510 1249 2567 et
1273 2523 1392 2587 specu·

243 2625 316 2692 lum
336 2625 456 2692 referri
475 2628 628 2712 valeant,
647 2634 682 2693 et
705 2650 747 2693 ex
765 2626 808 2692 iis
832 2627 947 2714 priora
977 2627 1228 2715 posterioribus
1259 2625 1391 2715 aptius,

246 2752 398 2838 quinque
417 2753 596 2838 sequentia
614 2738 681 2840 per
700 2752 810 2838 magis
830 2751 1009 2819 confusam
1040 2759 1074 2818 et
1103 2751 1389 2820 universaliorem

244 2880 464 2967 positionem,
494 2882 564 2947 tria
593 2881 717 2948 ultima
746 2904 808 2970 per
836 2881 1038 2969 graphicum
1068 2879 1216 2947 maxime
1248 2878 1390 2945 institu-

179 3012 223 3075 20
246 3007 386 3074 tionem.

492 3268 526 3307 De
542 3269 659 3309 duedecim
674 3279 753 3309 vocum
768 3269 845 3308 formis
860 3273 975 3308 eteorum
990 3266 1137 3307 deductione.

337 3473 386 3536 14.
411 3472 476 3536 His
496 3471 724 3537 consideratio
743 3468 922 3535 duodecim
941 3467 1133 3532 formarum
1163 3486 1286 3531 vocum
1317 3486 1390 3529 suc·

245 3597 347 3680 cedit,
369 3599 494 3683 quibus
514 3597 653 3684 quidem
672 3603 747 3661 tum
765 3592 1029 3676 inveniendum,
1050 3599 1126 3659 tum
1152 3590 1390 3670 indicandum,

246 3729 320 3789 tum
339 3731 374 3789 et
392 3722 650 3790 memorandum
670 3721 868 3787 formamus.
889 3719 980 3787 Sunt
1010 3725 1126 3785 autem
1156 3724 1190 3783 et
1219 3716 1282 3782 hee
1309 3715 1390 3781 duo·
1415 3722 1514 3784 591

180 3861 223 3924 25
247 3851 357 3918 decim
377 3851 576 3936 originales,
596 3871 658 3937 per
675 3847 854 3914 duodecim
872 3849 1043 3913 elementa
1063 3845 1278 3930 designatae:
1298 3841 1330 3906 A
1349 3841 1392 3906 si·

247 3979 390 4064 gnificat
421 3976 676 4056 resolutionem,
712 3975 742 4039 B
770 3973 1072 4061 compositionem,
1103 3972 1129 4036 O
1165 3968 1391 4051 additionem,

249 4104 280 4167 D
304 4103 587 4186 diminutionem,
609 4102 638 4166 Ε
662 4100 787 4188 eapitis
807 4097 1085 4180 similitudinem,
1106 4097 1134 4160 F
1154 4091 1393 4181 transpositio-

334 4435 804 4504 3.=1c15eygillicsygillumP
869 4439 898 4488 14
920 4436 1060 4486 Inditium
1080 4434 1105 4482 P
1166 4432 1248 4481 2223
1278 4444 1394 4481 suesce·

249 4521 334 4572 ditP
396 4521 428 4570 27
446 4518 463 4570 l.
478 4518 704 4570 deminutionem
