3414 5122
331 378 391 436 208
773 394 911 437 rounam
931 393 1033 437 nnviu

331 548 405 614 dios
425 572 485 614 seu
504 571 623 614 causas
652 572 693 613 ex
713 571 774 613 sua
793 548 1047 634 magnitudine,
1072 572 1113 617 ex
1134 547 1406 635 magnificentia,
1432 569 1473 611 ex

331 675 394 741 hoc
414 676 506 761 qnod
525 675 611 741 facit
640 698 781 761 magna,
803 698 845 739 ex
875 697 913 740 eo
935 675 1025 761 quod
1044 674 1198 762 fajotum
1218 682 1270 740 est
1291 696 1471 759 magnum,
1496 680 1526 744 9
1546 666 1600 728 3'

331 825 373 866 ex
391 802 455 867 hoc
475 802 567 887 quod
586 808 701 889 potest
717 801 793 867 fieri
809 823 989 887 magnum,
1007 825 1048 866 ex
1065 822 1104 868 eo
1121 801 1213 887 quod
1230 807 1345 888 potest
1362 800 1474 866 facere

329 949 507 1014 magnum,
528 949 692 1014 magnum
712 926 808 1010 fecit,
824 949 990 1013 magnum
1007 926 1137 993 faotiun
1155 934 1215 992 est.
1233 927 1369 992 Pariter
1382 925 1474 991 idem

285 1059 305 1122 ὅ
330 1052 407 1118 aliis
437 1052 704 1119 formationibus
729 1053 766 1117 in
796 1052 1037 1139 magnitudine
1064 1052 1245 1140 implicitis
1276 1059 1329 1118 est
1347 1052 1475 1117 facien-

330 1178 425 1262 dum,
460 1200 607 1264 moxque
642 1202 659 1243 e
695 1178 834 1245 tabulae
867 1177 1040 1266 principio
1070 1177 1279 1244 exordiendo
1302 1201 1364 1265 per
1388 1177 1474 1243 alios

330 1302 510 1387 terminos,
532 1304 576 1369 ab
596 1304 669 1370 eius
689 1326 815 1390 magna
835 1305 997 1390 essentia,
1018 1327 1103 1388 esse,
1124 1304 1334 1386 substantia,
1363 1303 1472 1368 subsi-

328 1430 469 1515 stentia,
490 1431 591 1513 mole,
611 1453 754 1497 numero
775 1433 779 1516 Ι
800 1437 835 1496 et
854 1431 1015 1515 caeteris3
1035 1431 1195 1497 similiter
1215 1431 1252 1495 in
1272 1431 1472 1496 memoriam
1497 1436 1606 1498 593

328 1555 581 1642 magnitudinis
601 1555 761 1621 ducimur
780 1579 841 1643 per
860 1579 1040 1643 magnum,
1059 1555 1294 1642 magnificare,
1315 1556 1472 1642 magnifi-

265 1692 305 1755 10
329 1690 445 1747 catum
464 1689 499 1747 et
529 1704 592 1770 per
611 1683 712 1772 plura
742 1690 776 1748 et
797 1685 924 1768 omnia,
945 1684 1028 1750 dum
1057 1684 1123 1749 rite
1149 1682 1470 1766 adcommodantur,

328 1814 367 1873 nt
386 1829 448 1873 nos
478 1832 541 1896 per
564 1809 741 1897 propriam
771 1815 880 1875 artem
903 1809 1166 1875 insinuavimus,
1198 1808 1288 1874 Sunt
1317 1809 1426 1896 igitur
1444 1808 1470 1873 ii

327 1933 469 1999 termini
489 1935 543 2000 sui
562 1934 777 2021 aliorumque
800 1935 1004 2000 indumenta
1024 1941 1127 2020 atque
1146 1934 1294 2001 formae:
1325 1935 1379 2000 sui
1399 1934 1472 2020 qui-

328 2058 404 2126 dem
424 2060 545 2144 velati,
564 2061 726 2126 reflexive
751 2067 854 2148 atque
874 2060 1137 2148 reduplicative‚
1165 2061 1248 2126 dum
1272 2060 1469 2146 obliquum,

327 2187 550 2268 abstractum,
568 2187 787 2254 substantive
806 2193 982 2274 sumptum
999 2210 1061 2274 per
1080 2187 1173 2252 idem
1190 2193 1290 2270 recte,
1312 2195 1469 2253 concrete

261 2317 302 2380 lo
326 2320 361 2380 et
391 2313 560 2382 adiective
589 2320 766 2401 sumptum
797 2314 986 2396 formatur;
1022 2314 1169 2379 aliorum
1201 2335 1282 2379 vero
1313 2336 1469 2400 progres-

327 2441 400 2507 sive
430 2441 473 2505 ab
499 2463 567 2508 nno
598 2440 746 2506 termino
771 2439 813 2504 ad
845 2439 930 2505 alios
948 2439 1210 2526 proficiscendo,
1244 2437 1469 2523 abstractive,

328 2566 537 2651 concretive,
558 2566 713 2653 oblique,
746 2571 850 2647 recte,
880 2563 1063 2648 adimtive,
1087 2564 1320 2649 substantive⁷
1342 2565 1467 2648 active,

327 2692 382 2757 vel
403 2691 587 2757 aliusmodi
607 2696 773 2778 sumptos
793 2689 1017 2755 Abstraotum
1034 2689 1200 2758 roformat
1217 2696 1414 2755 concretum
1434 2697 1468 2754 et

328 2840 345 2881 e
379 2839 560 2900 convers0,
598 2816 748 2883 efficacia
784 2814 1017 2898 efficientiam,
1053 2821 1149 2881 actus
1185 2814 1361 2900 habitum,
1398 2839 1470 2880 esse

259 2947 303 3009 ‘20
324 2966 424 3030 posse
452 2948 486 3007 et
517 2942 666 3029 operari,
697 2948 732 3006 et
765 2962 982 3007 econverso.
1007 2939 1133 3005 Omnia
1153 2940 1293 3006 tandem
1317 2940 1470 3006 formant

326 3068 443 3135 omnia
463 3076 497 3133 et
528 3067 722 3133 formantur
741 3067 784 3132 ab
816 3066 989 3149 omnibuS,
1021 3073 1126 3151 atque
1156 3066 1238 3131 dum
1258 3065 1375 3131 onmia
1408 3089 1471 3152 per

326 3194 441 3259 omnia
459 3193 655 3259 formentur
675 3199 779 3278 atque
803 3194 1012 3277 figurantur,
1032 3192 1076 3257 ad
1096 3172 1357 3277 inquirendum,
1377 3192 1468 3257 iuve-

325 3318 507 3402 mendum,
538 3318 777 3402 iudicandum,
804 3316 1082 3383 ratiocinandum
1109 3317 1469 3404 reminiscemlumque

325 3444 365 3510 de
387 3444 549 3510 omnibus
569 3467 630 3532 per
649 3445 765 3510 omnia
784 3466 965 3532 possumus
983 3444 1188 3532 promoveri.

521 3722 555 3762 Dc
570 3722 689 3763 duodecim
705 3723 859 3765 intentionum
875 3724 964 3776 formts,
981 3725 1004 3763 in
1020 3729 1065 3764 tren
1080 3725 1164 3765 classes
1179 3724 1266 3764 divisis.
1488 3723 1518 3787 q
1539 3711 1595 3772 3v

414 3928 464 3990 io.
491 3927 595 3992 Haud
615 3927 718 3993 alitor
737 3928 773 3993 in
793 3951 854 3995 suo
873 3952 998 4015 genere
1017 3929 1271 4017 procedendum
1291 3930 1391 3995 nobis
1415 3938 1467 3995 ost

325 4054 362 4118 in
382 4052 615 4119 intentionum
637 4053 758 4119 formis
777 4054 968 4139 duodecim,
990 4055 1026 4119 in
1047 4055 1172 4140 quibus
1193 4057 1221 4119 1.
1240 4055 1273 4119 A
1293 4055 1466 4141 significat

327 4202 452 4264 genus,
472 4180 503 4244 B
524 4179 776 4263 definitionem,
804 4180 1115 4267 Oproprietateni,-
1137 4179 1168 4243 D
1190 4180 1364 4262 accidens3
1387 4182 1416 4244 2.
1438 4181 1466 4243 Ε

416 4464 447 4514 13
456 4466 485 4528 f.
498 4463 591 4516 voluti
605 4462 741 4515 reflexive
