3414 5122
788 406 929 452 lORDffl
947 406 1051 452 navat

428 727 492 792 DE
516 725 761 793 CLAYSTRO
784 723 1094 790 cABfflst'Ico
1117 723 1177 789 ΕΤ
1199 720 1399 788 TEMPLO.

799 870 905 912 xxviii.
920 872 1020 920 sagara

428 1123 546 1189 Habes
565 1123 633 1190 duo
649 1132 684 1190 et-
702 1125 832 1211 viginti
850 1125 1000 1190 claustra
1019 1134 1124 1210 atque
1143 1123 1287 1210 templa,
1307 1121 1382 1186 rice
1400 1120 1486 1187 duo·

338 1273 416 1317 rum
435 1261 468 1316 et
496 1251 627 1337 viginti
647 1251 912 1317 elementorum.
931 1273 1079 1337 quorum
1109 1248 1246 1336 singula
1269 1249 1313 1313 ‘22
1332 1246 1486 1331 sedibus,

292 1389 315 1453 ἵ)
338 1399 424 1462 quas
453 1376 643 1463 recipiunt.
663 1376 810 1442 totidem
833 1376 1022 1462 eademque
1049 1375 1183 1441 dabunt
1209 1373 1329 1439 eodem
1352 1372 1486 1457 ordine,

338 1524 428 1587 cauae
447 1501 578 1568 dabant
594 1503 780 1583 elementa3
799 1525 819 1567 a
839 1503 981 1588 quibus=
1000 1502 1030 1567 si
1049 1502 1093 1567 ad
1115 1502 1160 1566 ‘22
1183 1512 1275 1565 artes
1295 1516 1329 1564 et
1359 1499 1487 1565 artium

338 1627 557 1714 singularum
585 1629 629 1693 ·2·2
655 1644 774 1714 gestus
792 1627 1014 1716 procedatur,
1038 1628 1144 1692 trium
1173 1640 1382 1712 quattuorve
1399 1622 1489 1691 radi·

339 1754 466 1820 calium
484 1756 577 1821 sires
595 1754 808 1821 delitescant.

404 1962 437 2026 A
461 1961 649 2027 claustrum
669 1961 786 2048 Regis.
975 1962 1012 2027 it
1035 1960 1204 2047 templum
1222 1956 1412 2024 Pontificis.
1508 1956 1586 2021 12‘

406 2086 437 2151 B
459 2086 650 2152 claustrum
668 2087 848 2175 principis.
979 2087 1012 2151 N
1035 2086 1204 2173 templum
1223 2082 1420 2150 sacerdotis.

406 2211 434 2277 C
458 2212 647 2279 claustrum
665 2213 773 2279 ducis.
981 2213 1010 2279 Ο
1034 2212 1204 2299 templum
1223 2209 1420 2298 prophetae.

407 2335 440 2401 D
463 2338 652 2404 claustrum
671 2340 818 2405 comitis.
981 2339 1010 2404 P
1033 2338 1203 2425 templum
1221 2335 1382 2402 doctoris.

408 2464 438 2529 Ε
461 2465 649 2532 claustrum
669 2466 846 2554 praesidis.
980 2466 1010 2543 Q
1035 2463 1204 2552 templum
1222 2461 1372 2529 lectoris.

408 2588 438 2653 F
461 2590 650 2657 claustrum
669 2592 803 2658 iudicis.
979 2592 1011 2656 R
1035 2590 1206 2677 templum
1224 2587 1385 2654 cantoris.

298 2724 315 2781 5
410 2713 442 2778 G
466 2716 654 2783 claustrum
675 2718 873 2784 consiliarii.
981 2717 1006 2781 S
1030 2715 1198 2802 templum
1216 2714 1389 2780 sacristae.

409 2839 444 2903 H
467 2839 656 2907 claustrum
675 2844 829 2909 senioris.
980 2842 1009 2907 T
1033 2841 1203 2929 templum
1220 2837 1436 2927 lampadarii.

410 2965 427 3030 I
460 2964 648 3033 claustrum
668 2970 803 3035 actoris.
981 2969 1012 3033 Y
1037 2967 1206 3054 templum
1226 2965 1432 3032 carbonarii.

409 3090 445 3155 Κ
469 3091 657 3157 claustrum
676 3095 851 3160 secretarii
982 3094 1018 3159 X
1042 3093 1209 3182 templum
1229 3091 1374 3158 ostiarii.

411 3215 440 3278 L
464 3215 653 3283 claustrum
672 3219 841 3285 satellitis.
981 3221 1007 3285 Z
1032 3218 1201 3306 templum
1220 3216 1381 3283 custodis.

278 3476 323 3538 ρο
433 3460 477 3525 In
494 3461 645 3528 claustro
663 3465 755 3550 regis
779 3466 811 3528 A
835 3474 917 3530 sunt·
935 3469 976 3530 21
998 3488 1110 3553 reges.
1134 3487 1281 3553 quorum
1311 3465 1341 3530 B
1371 3465 1491 3552 degra-

345 3583 504 3650 daturin
532 3587 739 3674 principem,
759 3589 786 3654 0
805 3590 843 3655 in
873 3591 1007 3674 ducein,
1027 3593 1059 3658 D
1090 3593 1127 3658 in
1156 3592 1331 3676 comitem,
1363 3590 1490 3657 caeteri

347 3708 506 3774 similiter
524 3711 562 3774 in
581 3728 740 3778 caeteros.
760 3714 802 3779 In
821 3715 897 3803 ipso
916 3716 1047 3803 degunt
1072 3718 1230 3783 aurifices
1253 3739 1322 3783 uno
1343 3717 1490 3783 actionis

346 3854 487 3919 genere,
507 3850 542 3900 et
560 3837 601 3900 ·21
623 3838 829 3920 specialibus
849 3841 1020 3928 operibus.
1039 3844 1081 3908 In
1105 3844 1255 3909 claustro
1273 3843 1443 3931 principis
1460 3841 1489 3906 B

349 3969 428 4023 siant
448 3960 489 4024 21
509 3961 697 4048 principes,
718 3985 864 4048 quorum
884 3966 915 4031 A
934 3967 1108 4034 exaltatur
1131 3970 1169 4034 in
1192 3991 1323 4056 regem,
1347 3968 1374 4034 C
1399 3969 1489 4034 exal-

282 4098 327 4163 25
348 4094 445 4148 tatur
463 4084 501 4149 in
519 4083 655 4169 ducem,
671 4085 704 4151 D
720 4087 929 4174 degradatur
943 4092 981 4157 in
1001 4095 1175 4175 comitem,
1190 4095 1220 4159 E
1236 4096 1273 4161 in
1289 4094 1491 4183 praesidem.

445 4399 460 4447 Β
475 4398 646 4451 delitescant
661 4403 730 4466 (aie).
744 4405 797 4455 Del
812 4414 881 4457 reato
890 4425 942 4472 prr
954 4409 973 4459 Γ
985 4427 1030 4461 aro
1044 4410 1074 4462 di
1084 4420 1172 4477 questo
1186 4413 1263 4464 cerba
1276 4415 1311 4475 cf.
1325 4432 1343 4463 a
1351 4430 1382 4477 p.
1398 4416 1441 4472 23,
1457 4414 1492 4464 20

352 4477 382 4527 ll
399 4478 554 4545 prophete
618 4483 649 4532 15
665 4483 832 4537 claeustrum
896 4490 926 4540 16
943 4490 1080 4561 lapaclarij
