3414 5122
318 457 377 516 190
754 472 895 518 reamur
915 471 1017 519 novur
1068 483 1093 522 ,-

317 628 436 714 flagris
454 628 566 696 lenius
585 628 756 695 caedendo
772 653 860 716 sese,
880 632 923 698 ab
943 633 1089 699 internis
1108 633 1254 700 calorem
1273 632 1318 699 ad
1340 640 1457 719 partes

319 752 503 819 exteriores
522 761 680 839 evocant,
701 763 740 820 ut
759 755 823 821 hoo
842 756 988 823 interius
1011 779 1112 844 mage
1141 757 1282 823 remisso
1307 756 1459 844 amplius

318 879 357 945 in
375 878 501 966 spiritu
520 879 785 947 melancholicus
804 889 904 968 tepor
920 881 1139 970 intendatur,
1159 889 1193 948 et
1223 888 1263 949 ut
1295 882 1393 948 nulla
1417 882 1462 948 ad

318 1003 463 1070 extasim
481 1005 761 1071 contrectandam
780 1006 869 1072 desit
888 1007 1030 1090 occasi0,
1048 1007 1156 1073 animi
1171 1007 1463 1094 excogitationem

275 1135 296 1198 ὃ
319 1129 363 1195 ad
383 1129 528 1195 alicuius
544 1129 715 1196 Adonidis
730 1140 875 1198 mortem
896 1132 1116 1221 adpellentes,
1137 1133 1371 1218 tristitiaeque
1387 1156 1463 1199 sua·

319 1253 602 1340 vem-qnamdam
620 1255 785 1322 addentes
804 1257 984 1324 tristitiam
1008 1258 1112 1342 (haud
1136 1258 1228 1325 enim
1254 1264 1288 1324 et
1310 1252 1464 1324 lacrimis

320 1404 417 1447 suam
436 1380 552 1447 deesse
569 1380 751 1448 libidinem
772 1383 1012 1470 comperimus)
1034 1384 1175 1450 alterius
1194 1383 1332 1470 generis
1355 1382 1465 1449 horri-

320 1505 524 1594 pilationem
543 1506 707 1590 subeunt,
731 1507 940 1595 interimque
965 1509 1097 1575 virtute
1119 1507 1316 1596 perturbati
1346 1529 1465 1573 sensus

320 1629 422 1697 facile
440 1631 575 1719 proprii
605 1631 749 1719 spiritus
768 1631 915 1720 adpulsu
934 1634 1038 1700 alicui
1057 1633 1099 1700 de
1122 1632 1310 1699 immundis
1330 1631 1467 1697 iisdem-

256 1765 299 1828 10
323 1777 389 1842 que
411 1756 610 1823 irrisoribus
642 1757 824 1844 spiritibus
847 1758 1100 1845 intelligentiae
1134 1758 1354 1846 copulantur,
1388 1779 1466 1823 cum

322 1880 461 1947 demum
488 1882 604 1949 nescio
624 1882 662 1948 in
681 1905 783 1968 quem
802 1883 1004 1952 miserorum
1033 1883 1256 1969 tristiumque
1283 1882 1467 1976 numinum
1486 1973 1490 1984 Ι

322 2014 481 2094 apertum
500 2007 668 2074 intuitum
692 2016 727 2074 et
745 2009 890 2075 affatum
910 2009 993 2075 adeo
1024 2009 1176 2097 promoti
1196 2007 1398 2091 credantur,
1422 2001 1488 2073 -ut'

322 2155 361 2197 ea
380 2132 524 2198 audiant
542 2141 646 2220 atque
665 2134 874 2222 percipiant,
895 2158 983 2220 quae
1006 2157 1196 2221 numquam
1216 2134 1253 2199 in
1278 2154 1396 2199 eorum
1415 2153 1468 2198 co·

322 2257 529 2344 gitationem
564 2257 684 2326 cadere
716 2259 920 2347 potuissent.
952 2261 1061 2338 Quem
1090 2259 1231 2347 quidem
1261 2256 1466 2346 phantasiae

260 2390 300 2452 15
324 2384 484 2450 turbatae
507 2384 676 2472 impetum
695 2407 844 2471 eousque
871 2385 909 2450 in
932 2384 1138 2472 quibusdam
1161 2385 1350 2452 invaluisse
1369 2381 1468 2449 novi·

323 2532 412 2594 mus,
431 2517 472 2576 ut
491 2510 725 2577 confessorum
743 2511 938 2596 numinum,
959 2534 1105 2599 quorum
1124 2511 1272 2598 speciem
1296 2508 1468 2575 intensius

326 2635 442 2702 animo
470 2642 726 2721 contraxerant,
758 2636 963 2703 ardentioris
985 2636 1191 2724 phantasiae
1221 2635 1358 2702 fervore
1378 2633 1468 2698 cica-

324 2762 428 2829 trices
445 2763 483 2829 in
502 2763 641 2850 proprio
661 2785 802 2850 corpore
821 2764 954 2829 inustas
973 2762 1217 2850 comperirent.

658 3045 693 3084 Do
708 3044 866 3085 docimatertla
879 3042 1041 3085 contractionis
1055 3043 1141 3094 specie.

260 3269 305 3334 20
415 3266 496 3357 (47.)
524 3268 579 3334 Ad
608 3267 673 3333 hoc
707 3268 953 3333 contractionis
976 3290 1087 3354 genus
1110 3266 1253 3331 minime
1287 3261 1466 3329 retulerim

328 3396 429 3480 illud,
449 3395 541 3482 quod
559 3395 596 3459 in
615 3394 799 3460 eminentis
826 3392 1128 3482 contemplationis
1152 3391 1241 3475 viro,
1263 3390 1268 3479 Ι
1290 3389 1468 3476 Aquinate
1493 3403 1518 3451 e
1539 3387 1594 3450 gv

328 3523 468 3604 Thema,
486 3520 694 3607 completum
711 3519 894 3605 credimus,
914 3519 971 3585 hio
987 3518 1079 3585 enim
1096 3540 1175 3584 cum
1191 3515 1342 3583 collectis
1361 3513 1470 3581 enimi

328 3647 461 3714 viribus
492 3646 529 3711 in
553 3645 783 3732 imaginatum
812 3645 941 3711 coelum
972 3651 1167 3732 raperetur,
1196 3643 1280 3710 adeo
1304 3641 1341 3707 in
1362 3662 1471 3707 unum

329 3772 472 3861 spiritus
492 3769 652 3837 animalis
669 3770 854 3837 sensitivus
870 3776 974 3855 atque
993 3770 1145 3835 motinus
1164 3776 1216 3835 est
1235 3768 1414 3849 collectuS,
1431 3771 1472 3830 ut

262 3904 306 3967 25
330 3919 452 3985 corpus
473 3920 492 3962 a
510 3906 602 3962 terra
625 3896 663 3961 in
682 3904 795 3961 ae'rem
813 3917 962 3961 vacuum
984 3894 1184 3976 tolleretur,
1210 3892 1303 3978 quod
1331 3890 1471 3957 tametsi

329 4024 443 4091 minus
463 4022 591 4089 eruditi
620 4021 664 4087 ad
683 4020 888 4087 mirandum
906 4018 1072 4105 referant,
1099 4026 1134 4084 et
1153 4041 1279 4085 arcana
1297 4039 1472 4105 praesum·

424 4389 437 4437 1
455 4386 581 4437 cedendo
598 4384 624 4434 P
686 4385 702 4434 3
720 4381 922 4433 melancolicus
943 4380 969 4429 P
1031 4381 1047 4429 4
1067 4380 1221 4431 achatasim
1245 4377 1302 4443 (ric)
1321 4377 1363 4427 P:
1383 4383 1473 4429 ecsta-

330 4468 373 4519 sin
399 4468 423 4517 G
485 4464 709 4533 liquandamG
773 4462 920 4514 lachrimis
947 4461 972 4510 P
1035 4462 1066 4511 10
1086 4459 1296 4525 intelligentiae
1323 4456 1474 4524 spiritibus

331 4546 497 4614 eraaponeG
559 4547 591 4597 26
606 4546 731 4597 archana
746 4544 771 4596 (l
