3414 5122
383 631 650 763 Plllllllllll
691 629 901 760 lllltlllNl
937 628 1097 759 llllllll
1133 626 1321 758 llllllNl

580 926 796 993 SIGILLVS
831 925 1121 1009 SIGILLORVM

296 1143 341 1187 Al)
376 1142 485 1187 OMNES
515 1140 612 1184 Amul
643 1139 888 1184 meroerrwn'rls
918 1135 1160 1182 commanens
1192 1135 1401 1185 llAlll'l'VSQVE

576 1246 820 1291 rrunrlcmnuos
850 1242 1128 1289 Ancouueunrvn

232 2068 253 2131 ἵ)
367 2080 395 2142 l.
420 2078 515 2142 Haec
539 2077 624 2142 mihi
648 2078 740 2142 inter
759 2078 826 2142 alie
846 2078 985 2144 divinus
1009 2078 1067 2144 ille
1087 2078 1242 2165 spiritus²
1270 2077 1330 2164 qui
1349 2099 1419 2142 sor·

274 2203 364 2268 didis
390 2224 542 2288 unquam
570 2225 641 2268 non
664 2203 865 2288 conquievit
883 2203 1050 2290 ingeniis,
1070 2203 1283 2270 insinuavit:
1311 2203 1420 2268 haesi·

275 2329 365 2393 tanti
398 2327 465 2392 tibi
499 2334 533 2391 et
566 2327 705 2393 adrem
739 2327 851 2413 ipsam
885 2328 1024 2414 penitus
1062 2327 1306 2412 inflammanti,
1332 2327 1420 2394 illud

274 2454 447 2541 principio
478 2454 736 2540 intentandum,
770 2461 810 2520 ut
844 2455 958 2542 ipsum
991 2477 1103 2541 aquo
1133 2456 1296 2521 excitaris
1326 2462 1418 2521 exte·

275 2580 346 2645 rius
380 2586 415 2644 et
444 2580 602 2645 incitaris
636 2580 782 2645 interius
823 2580 973 2667 primunr
1007 2582 1271 2668 proximumque
1306 2581 1417 2647 Deum

210 2699 253 2761 10
276 2703 382 2788 colas,
417 2704 610 2792 prinoipem
645 2704 859 2790 magnificeS‚
894 2727 1024 2771 numen
1058 2708 1195 2773 invoces
1233 2713 1268 2772 et
1301 2707 1417 2771 lumen

276 2829 455 2916 adspicias

364 2956 393 3018 2.
414 2955 496 3020 Tria
515 2953 661 3020 subinde
681 2955 718 3019 in
739 2963 813 3021 arte
833 2957 984 3023 humana
1005 2959 1100 3024 omni
1119 2981 1191 3024 esse
1211 2958 1334 3024 debere
1348 2978 1420 3044 *me-

274 3086 405 3144 mento:
430 3080 567 3166 singula
595 3080 707 3166 primo
738 3083 912 3168 sapienter
941 3082 1143 3168 priusquam
1166 3084 1254 3149 fiant
1285 3081 1419 3167 excogi-

275 3211 406 3287 tentur,
427 3205 575 3271 seeundo
608 3213 742 3270 mature
762 3213 967 3290 strenueque
995 3207 1235 3294 expediantur,
1255 3207 1360 3272 tertio
1380 3229 1419 3272 ea

211 3330 251 3394 15
275 3355 361 3416 qnae
386 3332 583 3418 excogitata
602 3339 875 3419 expromptaque
899 3340 981 3397 sunt
1008 3340 1188 3398 serventur
1215 3339 1319 3418 atque
1337 3332 1421 3397 viri-

274 3458 353 3523 liter
372 3457 612 3523 defendantur.

363 3583 392 3644 3.
412 3581 505 3645 Hine
525 3588 594 3645 tres
622 3581 714 3645 Deos
738 3580 872 3646 artibus
897 3581 1057 3646 omnibus
1087 3580 1281 3667 praesidere
1310 3581 1419 3647 tradit

275 3705 478 3790 antiquitas:
499 3706 656 3788 Pallada,
677 3707 870 3771 Vulcanum
890 3714 924 3771 et
940 3707 1097 3772 Martem.
1117 3707 1212 3772 Haeo
1228 3714 1280 3772 est
1295 3708 1418 3793 opifica

275 3829 443 3914 quaedam
463 3832 645 3897 numinum
665 3831 819 3915 trinitas,
839 3833 915 3898 Iovi
944 3856 1076 3899 summo
1096 3855 1209 3898 rerum
1230 3831 1417 3898 architecto

207 3951 251 4014 ‘20
275 3980 408 4044 semper
442 3958 598 4041 elstane,
624 3958 675 4024 ita
700 3965 738 4023 ut
760 3959 763 4046 l
787 3959 1073 4044 quernarhnedum
1097 3959 1237 4024 trinitas
1272 3966 1346 4023 tote
1375 3959 1418 4023 nd
1442 3976 1466 4024 e
1487 3963 1540 4024 ’7⁹

273 4085 404 4168 lovem,
424 4085 475 4149 ita
494 4085 669 4150 Vulcanus
689 4091 724 4150 et
743 4086 836 4151 Mars
856 4085 899 4150 ad
918 4085 1102 4150 Palladem.

364 4319 529 4384 ipaenitua
551 4319 577 4368 P
641 4317 817 4367 inflammato
839 4316 864 4366 G
927 4318 958 4367 13
975 4318 1091 4383 singula
1113 4316 1215 4384 primo]
1241 4317 1333 4383 primo
1358 4318 1416 4367 sin·

272 4401 340 4465 gula
356 4400 393 4449 G:
412 4400 527 4463 singula
545 4401 567 4449 1.
586 4401 609 4464 (a
626 4397 779 4447 aimilmrnte
796 4399 819 4448 2.
839 4405 951 4448 matura
968 4415 979 4446 e
995 4399 1017 4448 3.
1041 4413 1074 4449 aa
1095 4401 1180 4464 quae)
1198 4399 1223 4448 Ρ
1287 4401 1317 4448 la
1335 4398 1414 4463 opifi-

272 4480 315 4530 cia
331 4479 389 4546 (aie)
403 4481 441 4530 P:
457 4479 554 4546 opifex
569 4477 593 4528 G

406 4576 480 4616 Buuni
495 4577 548 4624 Opp.
561 4576 602 4614 lat.
614 4573 648 4623 11,
659 4573 681 4612 2.
1227 4577 1251 4613 21
