3414 5122
512 424 671 469 rasuras.
691 426 727 470 1n
747 426 890 469 ennean.
911 427 1132 472 oonemaros.
1335 412 1393 469 237

251 590 383 667 togam,
401 581 525 647 inculti
544 582 739 669 hispidique
756 584 917 648 eremitae
933 556 1104 648 cucullum
1120 585 1300 649 accedere?
1322 584 1393 649 Cur

250 728 320 771 non
343 706 440 771 nefas
463 707 723 793 ominosumque
751 707 978 793 habendum,
1003 707 1187 773 barbatum
1219 710 1393 775 lanutum-
1416 709 1461 787 (a
1484 708 1540 786 F)

251 855 316 917 que
335 831 570 918 supercilium,
590 833 740 919 nuptiali
761 834 896 899 cultura
916 855 1035 898 carens
1054 844 1158 919 atque
1181 842 1291 918 veste,
1312 834 1397 898 heli-

251 957 388 1022 conium
408 980 563 1022 museum
579 958 746 1024 introire?
762 959 858 1024 Idem
875 959 954 1042 tibi,
974 960 1015 1024 D.
1036 960 1081 1023 M.
1101 958 1176 1024 Nic.
1197 959 1395 1044 Theodene,

206 1087 227 1148 ἵ)
250 1082 382 1147 dictum
395 1082 571 1167 existima,
590 1084 649 1168 qui
666 1082 759 1168 quali
776 1091 975 1169 quantaque
994 1084 1165 1170 dignitate
1181 1085 1284 1149 ulmis
1302 1086 1395 1151 Latii

252 1207 437 1272 conveniat
462 1207 597 1273 Atticas
627 1207 813 1294 adiungere
835 1209 939 1294 vitm,
970 1209 1100 1295 optime
1116 1209 1238 1289 nosti,
1268 1211 1395 1295 quique

251 1332 321 1396 iam
351 1332 433 1396 olim
458 1332 606 1398 Athenis
635 1332 781 1419 aliisque
808 1333 973 1400 Graeciae
991 1333 1165 1400 studiosae
1195 1334 1395 1420 regionibus

251 1456 432 1524 defunctas
451 1467 625 1524 oratorum
645 1465 895 1546 poetarumque
914 1461 1033 1525 Musas
1059 1459 1153 1525 hisce
1178 1461 1215 1524 in
1240 1459 1325 1524 locis
1347 1460 1397 1525 vi-

250 1604 344 1667 gere,
364 1584 440 1648 luce
458 1585 618 1670 coeloque
637 1584 707 1649 frui
726 1585 833 1651 iubes.
854 1586 953 1662 Quod
972 1608 1053 1651 vero
1072 1585 1117 1649 ad
1137 1592 1184 1664 te,
1206 1585 1247 1649 D.
1269 1585 1314 1648 M.
1331 1585 1397 1650 Va-

189 1718 229 1780 10
252 1707 382 1772 lentina
396 1707 610 1793 Schindlere,
624 1709 684 1794 qui
700 1732 838 1775 sensum
855 1733 989 1775 sacrum
1003 1709 1120 1774 littera
1139 1731 1235 1774 sacra
1257 1710 1261 1796 l
1281 1707 1394 1774 notari
1419 1713 1527 1776 630

252 1855 364 1916 curas,
390 1833 540 1899 indicem
568 1843 815 1920 accentumque
843 1858 977 1900 sacrum
1005 1835 1071 1899 sibi
1102 1835 1213 1919 magis
1238 1834 1396 1919 cognatis

236 1962 357 2060 ¹sacris
391 1961 533 2026 vocibus
563 1963 755 2049 personari,
785 1986 848 2027 nee
876 1983 946 2026 non
976 1984 1095 2027 sensus
1124 1961 1234 2049 ipsius
1263 1961 1396 2027 fructus

254 2087 349 2169 quasi
369 2110 387 2150 e
406 2090 565 2174 propriae
588 2088 721 2153 arboris
740 2087 929 2171 (idiomatis
953 2086 1127 2170 videlieet)
1151 2086 1270 2168 ramis,
1295 2085 1397 2150 mini-

252 2233 375 2294 meque
388 2212 654 2298 peregrinorum
670 2213 927 2297 alienorumque
943 2212 1127 2277 verborum
1145 2210 1327 2276 frondibus
1347 2232 1398 2275 or·
1443 2214 1444 2218 ’

190 2350 228 2411 15
252 2343 385 2420 natum,
410 2338 562 2403 velatum
590 2338 824 2425 afflictumque
846 2338 949 2403 liceat
973 2336 1115 2417 intueri;
1141 2335 1178 2400 in
1202 2335 1272 2401 tuis
1299 2334 1397 2401 atriis

252 2461 451 2527 Lollianum
471 2464 535 2528 hoc
554 2486 639 2551 opus
658 2464 808 2529 feliciter
831 2463 1004 2549 digneque
1027 2462 1120 2526 haud
1143 2461 1247 2527 dubie
1266 2461 1398 2548 excipe-

253 2593 359 2671 retur,
380 2587 409 2653 si
432 2588 482 2654 ita
501 2590 666 2655 materiae
691 2590 772 2655 huic
795 2589 935 2675 linguae
954 2589 1128 2653 subiectae
1149 2594 1238 2651 esset
1260 2609 1323 2673 pro
1347 2608 1398 2650 re·

253 2733 329 2776 rum
360 2712 533 2798 gravitate
564 2714 824 2801 comparabilis,
857 2714 946 2779 sicut
976 2735 1047 2778 non
1077 2719 1128 2776 est
1158 2733 1221 2797 pro
1257 2710 1397 2776 habitus

254 2836 504 2922 serlmonisque
528 2839 752 2926 simplicitate
777 2841 901 2925 (qualis
925 2839 1116 2923 scripturae
1135 2835 1275 2900 divinae
1293 2835 1397 2898 inter·
1421 2830 1467 2908 (a
1489 2829 1545 2908 Ρ)

187 2972 231 3034 20
252 2963 439 3049 pretendae
478 2965 706 3050 gravitatem,
741 2966 929 3053 puritatem
965 2963 1249 3046 maiestatemque
1288 2959 1397 3041 decet)

253 3090 533 3174 contemptibilis.
557 3092 612 3156 Ita
632 3093 761 3177 quippe
782 3090 942 3167 dedecere
968 3088 1106 3154 videtur
1129 3086 1330 3152 divinarum
1340 3085 1400 3149 in-

252 3222 439 3301 terpretem
469 3216 648 3282 literarum
680 3216 826 3283 forensis
859 3215 952 3281 illius
986 3213 1206 3299 eloquentiae
1234 3234 1398 3299 pompam

253 3343 308 3406 vel
332 3342 480 3427 poetices
509 3343 703 3428 virgineam
732 3341 896 3408 aemulari
920 3347 1157 3423 venustatem,
1182 3338 1400 3423 quemadmo-

254 3465 336 3532 dum
355 3467 383 3532 si
403 3490 517 3533 coram
537 3475 709 3551 matrona,
730 3467 981 3534 honestissimis
1000 3463 1296 3550 sanctissimisque
1313 3463 1398 3527 libe-

187 3606 230 3667 25
254 3593 311 3678 ris,
329 3602 503 3678 canutum,
519 3594 701 3659 barbatum
718 3615 954 3678 annosumque
970 3589 1259 3679 patremfamilias
1279 3588 1399 3653 videas
1473 3579 1475 3585 ’

254 3731 495 3806 purpuratum,
520 3719 738 3802 annulatum,
763 3718 1052 3796 cincinnulatum,
1079 3715 1283 3781 corollatum
1308 3712 1401 3778 flori-

255 3843 334 3926 bus,
350 3845 549 3909 iuveniliter
563 3844 809 3931 pueriliterque
825 3844 1043 3929 gestientem,
1062 3840 1206 3926 quasive
1225 3838 1269 3904 ad
1289 3860 1398 3904 novas

347 4173 360 4219 l
378 4170 533 4218 heremitae
548 4168 574 4217 P
636 4170 652 4217 2
668 4167 697 4217 in
712 4169 736 4218 P
750 4169 778 4218 la
791 4174 936 4234 aequatura
947 4168 990 4218 del
1003 4169 1113 4218 secorido
1126 4168 1256 4233 qniderno
1270 4167 1310 4231 (di
1323 4175 1398 4230 qnat-

256 4258 298 4299 tro
306 4250 389 4315 scyli)
405 4249 417 4298 ὲ
429 4251 520 4314 equale
533 4267 551 4299 a
565 4249 653 4314 quella
665 4250 708 4299 del
718 4249 817 4314 primo,
828 4246 896 4299 enci
905 4250 933 4299 la
942 4249 1059 4299 noriano
1068 4249 1097 4298 in
1105 4249 1244 4312 parentari
1307 4249 1322 4297 4
1338 4249 1400 4297 Mu-

256 4330 418 4380 saenml’G
482 4332 635 4398 tiluaeque
653 4330 826 4381 etcoeloG
891 4331 1113 4390 ts<nttinet>G
1177 4331 1207 4379 12
1224 4328 1350 4379 fructum
1375 4329 1398 4378 (l

257 4412 336 4462 13.14
353 4411 525 4476 nimimeque
543 4412 566 4461 G
628 4413 659 4462 18
672 4427 685 4460 e
697 4412 728 4461 21
747 4411 965 4475 comparabiles
982 4410 1199 4474 contemptibile
1217 4409 1254 4459 G:
1270 4409 1399 4472 piatione

258 4493 275 4544 l.
288 4494 579 4544 materia—subiecta
592 4509 609 4540 a
622 4509 644 4542 υ.
661 4495 691 4541 17
756 4493 835 4545 1220
846 4492 1077 4559 interpraetadae
1089 4490 1114 4538 P
1176 4490 1208 4539 27
1219 4491 1264 4540 val
1277 4492 1360 4556 quasi
1376 4490 1400 4541 Θ
