3414 5122
405 485 450 530 DE
470 484 701 531 nonsummum
723 484 977 530 suumrlecrvaa
998 486 1095 530 ARTIS
1116 486 1235 531 LVLLll.
1352 473 1392 531 53

249 641 424 708 afferendo
439 641 657 708 definitiones
673 641 913 724 terminorum,
931 664 1018 727 quae
1033 650 1179 729 possunt
1192 666 1263 709 esse
1280 643 1392 708 media

249 768 293 834 ad
322 774 581 853 argumentum
607 775 730 853 quarto
759 766 945 833 adferendo
976 768 1099 852 ivum,
1120 768 1231 834 abile
1260 776 1294 833 et
1325 790 1392 834 arc

250 917 338 982 quae
368 900 448 960 sunt
483 895 585 982 signa
612 894 788 981 potentiae
814 894 961 977 activae,
981 895 1139 981 passivae
1164 902 1198 959 et
1231 895 1390 977 actionis,

248 1043 337 1107 quae
377 1021 508 1108 pariter
546 1027 692 1107 possunt
736 1043 809 1086 esse
852 1021 965 1086 media
1001 1022 1044 1087 ad
1079 1022 1392 1108 argumentandum

204 1152 225 1215 ὃ
249 1147 398 1230 (bonitas
411 1147 503 1211 enim
517 1147 683 1234 probatur
702 1145 744 1211 de
762 1147 916 1213 subiecto
927 1169 989 1235 per
1006 1147 1285 1213 bonificativum
1305 1171 1393 1231 esse,

247 1271 484 1338 bonificabile
515 1295 587 1337 esse
616 1278 651 1337 et
678 1273 906 1357 bonificare);
927 1273 1050 1359 quinto
1070 1273 1299 1339 examinando
1328 1296 1390 1360 per

248 1399 378 1487 species
398 1398 639 1484 quaestionum
658 1397 715 1463 Bo
736 1407 770 1464 et
789 1400 942 1486 ipsarum
962 1399 1090 1466 modos.

502 1679 536 1719 De
553 1678 729 1730 amplificatione
744 1689 786 1730 per
799 1682 904 1728 quartam
919 1677 1022 1728 figuram.
1038 1677 1092 1729 Cap.
1109 1678 1136 1718 V.

337 1884 487 1963 Quartae
506 1882 638 1970 figurae
663 1882 854 1971 amplitudo
874 1883 1025 1949 maxima
1053 1906 1157 1971 supra
1182 1890 1319 1951 ostensa
1339 1893 1390 1951 est

183 2019 225 2083 10
247 2009 284 2075 in
317 2031 460 2075 numero
494 2008 768 2093 revolutionum,
802 2008 996 2093 domorum,
1030 2008 1208 2092 ordinum,
1244 2032 1391 2076 camera-

246 2156 335 2217 rum,
353 2135 604 2217 columnarum,
627 2133 875 2220 cylindrorum,
896 2133 1141 2218 membrorum,
1159 2135 1288 2221 legum,
1310 2136 1392 2201 alia

246 2281 323 2326 rum
352 2259 543 2346 figurarum
569 2258 811 2348 amplitudine,
837 2281 993 2325 necnon
1020 2260 1254 2326 subiectorum
1284 2267 1389 2348 atque

246 2384 499 2470 quaestionum.

334 2509 390 2574 Ibi
408 2516 460 2575 est
478 2509 713 2592 manifestum,
735 2510 904 2596 quomodo
923 2509 1114 2576 mediorum
1138 2511 1385 2598 multiplicatio
1411 2511 1519 2574 275

179 2643 222 2707 15
245 2640 280 2699 et
309 2633 466 2700 inventio
487 2635 548 2700 fiat
578 2635 615 2700 in
635 2632 780 2713 cirlculo
800 2635 976 2719 mediocri,
994 2634 1184 2700 successive
1206 2635 1385 2703 referendo
1411 2636 1501 2698 35r

244 2758 412 2825 elementa
431 2759 540 2847 ipsius
559 2760 603 2825 a'd
622 2760 815 2826 subiectum
834 2766 868 2824 et
885 2759 1123 2847 praedicatum
1147 2760 1383 2848 significatum

242 2907 305 2973 per
323 2885 494 2954 elementa
513 2886 669 2952 aliorum.

332 3011 422 3077 Item
436 3012 566 3078 multae
581 3011 727 3078 subiecti
742 3011 893 3077 rationes
908 3017 1012 3097 atque
1031 3010 1222 3098 praedicati
1239 3021 1384 3098 possunt

244 3159 317 3205 esse
335 3160 437 3204 causa
456 3137 501 3202 ad
519 3136 736 3203 inferendum
763 3136 1000 3224 praedicatam
1018 3135 1060 3201 de
1080 3136 1233 3204 subiecto
1253 3139 1290 3204 in
1309 3160 1386 3205 con-

175 3268 222 3332 20
243 3262 404 3329 elusione.
429 3262 528 3341 Quod
547 3263 639 3328 enim
658 3262 806 3328 mundus
825 3263 871 3328 sit
890 3270 1062 3344 aeternus,
1088 3262 1346 3331 demonstratur
1365 3289 1385 3331 a

242 3388 448 3476 philosopho
467 3411 528 3476 per
546 3389 697 3454 rationes
716 3386 850 3472 mundi,
871 3410 958 3474 quae
976 3411 1047 3454 non
1066 3389 1255 3456 excludunt
1276 3394 1387 3457 aeter·

242 3513 407 3596 nitatem,
435 3536 497 3601 per
526 3514 696 3579 rationein
729 3513 963 3596 aeternitatis,
995 3536 1083 3600 quae
1117 3537 1189 3581 non
1220 3516 1383 3582 abhorret

242 3638 364 3705 mundi
380 3637 624 3723 adiacentiam,
642 3638 724 3703 item
743 3661 785 3703 ex
801 3638 934 3705 ratione
950 3638 1035 3705 boni
1054 3641 1190 3727 mundi,
1212 3643 1385 3729 magnitu-

243 3763 335 3831 dinis
371 3764 505 3849 mundi,
531 3764 615 3830 item
651 3765 786 3830 ratione
822 3764 906 3830 boni
942 3766 1175 3852 aeternitatis,
1209 3768 1385 3855 maguitu-

174 3898 219 3965 25
242 3889 334 3956 dinis
365 3896 399 3955 et
430 3897 655 3972 caeterorum,
686 3889 770 3956 item
800 3912 862 3977 per
886 3892 1142 3959 observantiam
1172 3894 1325 3979 partium
1350 3901 1385 3959 et

242 4014 382 4083 modum
399 4015 749 4099 circumstantiarum,
763 4015 889 4101 quibus
902 4017 1018 4082 omnia
1031 4019 1256 4105 multiplicari
1273 4025 1385 4083 osten·

242 4142 370 4227 dimne,
391 4142 475 4208 adeo
499 4150 539 4208 ut
558 4141 674 4207 omnia
697 4142 735 4206 in
755 4142 914 4208 omnibus
945 4165 1023 4208 cum
1042 4143 1252 4229 Anaxagora
1279 4144 1383 4208 liceat

243 4267 483 4354 contemplari3
500 4274 535 4332 et
550 4288 620 4332 non
635 4267 851 4351 inconvenit,
868 4267 973 4333 immo
990 4266 1219 4333 necessarium
1239 4275 1303 4351 est,
1316 4267 1384 4333 vir·

336 4538 349 4587 1
367 4536 552 4589 diffinitiones
566 4538 592 4589 P
654 4540 670 4588 2
687 4539 704 4591 l.
720 4541 979 4605 argumentandum
1042 4540 1074 4590 28
1090 4544 1120 4591 et
1133 4556 1191 4591 non
1205 4539 1246 4590 P:
1260 4542 1351 4593 nect}
