<?xml version="1.0" encoding="UTF-8"?>
<!DOCTYPE html PUBLIC "-//W3C//DTD XHTML 1.0 Transitional//EN"
    "http://www.w3.org/TR/xhtml1/DTD/xhtml1-transitional.dtd">
<html xmlns="http://www.w3.org/1999/xhtml" xml:lang="en" lang="en">
 <head>
  <title>
</title>
<meta http-equiv="Content-Type" content="text/html;charset=utf-8" />
  <meta name='ocr-system' content='tesseract 3.04.00' />
  <meta name='ocr-capabilities' content='ocr_page ocr_carea ocr_par ocr_line ocrx_word'/>
</head>
<body>
  <div class='ocr_page' id='page_1' title='image "./jordanibruninol03brungoog_0159.png"; bbox 0 0 3414 5122; ppageno 0'>
   <div class='ocr_carea' id='block_1_1' title="bbox 750 396 1014 442">
    <p class='ocr_par' dir='ltr' id='par_1_1' title="bbox 750 396 1014 442">
     <span class='ocr_line' id='line_1_1' title="bbox 750 396 1014 442; baseline 0.004 -2"><span class='ocrx_word' id='word_1_1' title='bbox 750 396 890 442; x_wconf 72' lang='lat' dir='ltr'><strong>tonnam</strong></span> <span class='ocrx_word' id='word_1_2' title='bbox 911 397 1014 441; x_wconf 65' lang='lat' dir='ltr'><strong>Bntn&#39;t</strong></span> 
     </span>
    </p>
   </div>
   <div class='ocr_carea' id='block_1_2' title="bbox 249 629 1580 2726">
    <p class='ocr_par' dir='ltr' id='par_1_2' title="bbox 525 629 1579 723">
     <span class='ocr_line' id='line_1_2' title="bbox 525 629 1579 723; baseline -0.002 -11"><span class='ocrx_word' id='word_1_3' title='bbox 525 673 635 721; x_wconf 71' lang='lat' dir='ltr'><strong>Gorgiae.</strong></span> <span class='ocrx_word' id='word_1_4' title='bbox 650 673 689 721; x_wconf 85' lang='lat' dir='ltr'><strong>qul</strong></span> <span class='ocrx_word' id='word_1_5' title='bbox 703 672 916 723; x_wconf 74' lang='lat' dir='ltr'><strong>rteedmusqututus</strong></span> <span class='ocrx_word' id='word_1_6' title='bbox 930 677 963 712; x_wconf 80' lang='lat' dir='ltr'><strong>est</strong></span> <span class='ocrx_word' id='word_1_7' title='bbox 979 672 1076 720; x_wconf 71' lang='lat' dir='ltr'><strong>tigillus.</strong></span> <span class='ocrx_word' id='word_1_8' title='bbox 1093 670 1223 721; x_wconf 69' lang='lat' dir='ltr'><strong>explicatio.</strong></span> <span class='ocrx_word' id='word_1_9' title='bbox 1474 630 1506 692; x_wconf 76' lang='lat' dir='ltr'><strong>b</strong></span> <span class='ocrx_word' id='word_1_10' title='bbox 1524 629 1579 692; x_wconf 44' lang='lat'><strong>8¹.</strong></span> 
     </span>
    </p>

    <p class='ocr_par' dir='ltr' id='par_1_3' title="bbox 401 875 1452 967">
     <span class='ocr_line' id='line_1_3' title="bbox 401 875 1452 967; baseline -0.004 -21"><span class='ocrx_word' id='word_1_11' title='bbox 401 882 469 946; x_wconf 92' lang='lat' dir='ltr'><strong>Pro</strong></span> <span class='ocrx_word' id='word_1_12' title='bbox 487 881 577 946; x_wconf 87' lang='lat' dir='ltr'><strong>varii</strong></span> <span class='ocrx_word' id='word_1_13' title='bbox 600 879 737 967; x_wconf 89' lang='lat' dir='ltr'><strong>generis</strong></span> <span class='ocrx_word' id='word_1_14' title='bbox 755 879 969 964; x_wconf 73' lang='lat' dir='ltr'>argumentis</span> <span class='ocrx_word' id='word_1_15' title='bbox 998 878 1042 943; x_wconf 89' lang='lat' dir='ltr'><strong>ad</strong></span> <span class='ocrx_word' id='word_1_16' title='bbox 1060 878 1174 943; x_wconf 89' lang='lat' dir='ltr'><strong>varias</strong></span> <span class='ocrx_word' id='word_1_17' title='bbox 1197 877 1310 943; x_wconf 90' lang='lat' dir='ltr'><strong>theses</strong></span> <span class='ocrx_word' id='word_1_18' title='bbox 1329 890 1364 942; x_wconf 87' lang='lat' dir='ltr'><strong>et·</strong></span> <span class='ocrx_word' id='word_1_19' title='bbox 1382 875 1452 942; x_wconf 85' lang='lat' dir='ltr'><strong>dis·</strong></span> 
     </span>
    </p>

    <p class='ocr_par' dir='ltr' id='par_1_4' title="bbox 312 1002 1453 1094">
     <span class='ocr_line' id='line_1_4' title="bbox 312 1002 1453 1094; baseline -0.003 -23"><span class='ocrx_word' id='word_1_20' title='bbox 312 1006 534 1094; x_wconf 81' lang='lat' dir='ltr'>putationum</span> <span class='ocrx_word' id='word_1_21' title='bbox 564 1005 731 1087; x_wconf 89' lang='lat' dir='ltr'><strong>subiecta,</strong></span> <span class='ocrx_word' id='word_1_22' title='bbox 762 1027 849 1090; x_wconf 88' lang='lat' dir='ltr'><strong>quae</strong></span> <span class='ocrx_word' id='word_1_23' title='bbox 873 1026 991 1070; x_wconf 90' lang='lat' dir='ltr'><strong>eorum</strong></span> <span class='ocrx_word' id='word_1_24' title='bbox 1023 1025 1111 1088; x_wconf 84' lang='lat' dir='ltr'><strong>quae</strong></span> <span class='ocrx_word' id='word_1_25' title='bbox 1134 1002 1384 1085; x_wconf 87' lang='lat' dir='ltr'><strong>defenduntur,</strong></span> <span class='ocrx_word' id='word_1_26' title='bbox 1418 1010 1453 1068; x_wconf 87' lang='lat' dir='ltr'><strong>et</strong></span> 
     </span>
    </p>

    <p class='ocr_par' dir='ltr' id='par_1_5' title="bbox 312 1130 1451 1218">
     <span class='ocr_line' id='line_1_5' title="bbox 312 1130 1451 1218; baseline -0.002 -20"><span class='ocrx_word' id='word_1_27' title='bbox 312 1155 430 1199; x_wconf 91' lang='lat' dir='ltr'><strong>eorum</strong></span> <span class='ocrx_word' id='word_1_28' title='bbox 454 1132 515 1217; x_wconf 90' lang='lat' dir='ltr'><strong>qui</strong></span> <span class='ocrx_word' id='word_1_29' title='bbox 543 1138 748 1218; x_wconf 89' lang='lat' dir='ltr'><strong>oppugnant</strong></span> <span class='ocrx_word' id='word_1_30' title='bbox 783 1131 885 1195; x_wconf 85' lang='lat' dir='ltr'><strong>turba</strong></span> <span class='ocrx_word' id='word_1_31' title='bbox 914 1130 1153 1196; x_wconf 86' lang='lat' dir='ltr'><strong>confusionem</strong></span> <span class='ocrx_word' id='word_1_32' title='bbox 1179 1130 1451 1218; x_wconf 82' lang='lat' dir='ltr'>perplexamque</span> 
     </span>
    </p>

    <p class='ocr_par' dir='ltr' id='par_1_6' title="bbox 267 1255 1450 1469">
     <span class='ocr_line' id='line_1_6' title="bbox 267 1255 1450 1343; baseline -0.003 -19"><span class='ocrx_word' id='word_1_33' title='bbox 267 1255 289 1315; x_wconf 76' lang='grc' dir='ltr'><em>ὃ</em></span> <span class='ocrx_word' id='word_1_34' title='bbox 312 1259 414 1324; x_wconf 87' lang='lat' dir='ltr'><strong>chaos</strong></span> <span class='ocrx_word' id='word_1_35' title='bbox 432 1256 582 1343; x_wconf 88' lang='lat' dir='ltr'><strong>effigiem</strong></span> <span class='ocrx_word' id='word_1_36' title='bbox 592 1257 784 1323; x_wconf 82' lang='lat' dir='ltr'>redderent.</span> <span class='ocrx_word' id='word_1_37' title='bbox 799 1256 842 1321; x_wconf 86' lang='lat' dir='ltr'><strong>ad</strong></span> <span class='ocrx_word' id='word_1_38' title='bbox 855 1268 947 1322; x_wconf 86' lang='lat' dir='ltr'><strong>certa</strong></span> <span class='ocrx_word' id='word_1_39' title='bbox 963 1256 1174 1342; x_wconf 85' lang='lat' dir='ltr'><strong>definitaque</strong></span> <span class='ocrx_word' id='word_1_40' title='bbox 1188 1257 1265 1322; x_wconf 87' lang='lat' dir='ltr'><strong>loca</strong></span> <span class='ocrx_word' id='word_1_41' title='bbox 1281 1279 1320 1321; x_wconf 90' lang='lat' dir='ltr'><strong>ea</strong></span> <span class='ocrx_word' id='word_1_42' title='bbox 1345 1278 1450 1342; x_wconf 87' lang='lat' dir='ltr'><strong>quam</strong></span> 
     </span>
     <span class='ocr_line' id='line_1_7' title="bbox 310 1381 1156 1469; baseline -0.001 -20"><span class='ocrx_word' id='word_1_43' title='bbox 310 1384 367 1449; x_wconf 90' lang='lat' dir='ltr'><strong>hio</strong></span> <span class='ocrx_word' id='word_1_44' title='bbox 385 1383 637 1449; x_wconf 82' lang='lat' dir='ltr'><strong>insinuavimus</strong></span> <span class='ocrx_word' id='word_1_45' title='bbox 657 1384 743 1447; x_wconf 88' lang='lat' dir='ltr'><strong>serie</strong></span> <span class='ocrx_word' id='word_1_46' title='bbox 763 1381 930 1469; x_wconf 87' lang='lat' dir='ltr'><strong>disposita</strong></span> <span class='ocrx_word' id='word_1_47' title='bbox 949 1382 1156 1448; x_wconf 87' lang='lat' dir='ltr'><strong>referantur.</strong></span> 
     </span>
    </p>

    <p class='ocr_par' dir='ltr' id='par_1_7' title="bbox 311 1507 1580 1848">
     <span class='ocr_line' id='line_1_8' title="bbox 399 1507 1451 1595; baseline 0 -22"><span class='ocrx_word' id='word_1_48' title='bbox 399 1508 546 1574; x_wconf 85' lang='lat' dir='ltr'><strong>Diversa</strong></span> <span class='ocrx_word' id='word_1_49' title='bbox 566 1508 674 1595; x_wconf 93' lang='lat' dir='ltr'><strong>igitur</strong></span> <span class='ocrx_word' id='word_1_50' title='bbox 696 1529 759 1595; x_wconf 91' lang='lat' dir='ltr'><strong>pro</strong></span> <span class='ocrx_word' id='word_1_51' title='bbox 779 1508 1005 1589; x_wconf 86' lang='lat' dir='ltr'><strong>axiomatum,</strong></span> <span class='ocrx_word' id='word_1_52' title='bbox 1029 1508 1242 1595; x_wconf 85' lang='lat' dir='ltr'><strong>positionum</strong></span> <span class='ocrx_word' id='word_1_53' title='bbox 1262 1522 1296 1573; x_wconf 91' lang='lat' dir='ltr'><strong>et</strong></span> <span class='ocrx_word' id='word_1_54' title='bbox 1315 1507 1451 1595; x_wconf 87' lang='lat' dir='ltr'><strong>proble-</strong></span> 
     </span>
     <span class='ocr_line' id='line_1_9' title="bbox 311 1632 1452 1720; baseline -0.001 -20"><span class='ocrx_word' id='word_1_55' title='bbox 311 1641 442 1700; x_wconf 84' lang='lat' dir='ltr'><strong>matum</strong></span> <span class='ocrx_word' id='word_1_56' title='bbox 466 1633 667 1699; x_wconf 90' lang='lat' dir='ltr'><strong>diversitate</strong></span> <span class='ocrx_word' id='word_1_57' title='bbox 695 1632 938 1720; x_wconf 89' lang='lat' dir='ltr'><strong>praeordinata</strong></span> <span class='ocrx_word' id='word_1_58' title='bbox 962 1634 1155 1699; x_wconf 90' lang='lat' dir='ltr'><strong>communia</strong></span> <span class='ocrx_word' id='word_1_59' title='bbox 1183 1634 1274 1717; x_wconf 89' lang='lat' dir='ltr'><strong>loca,</strong></span> <span class='ocrx_word' id='word_1_60' title='bbox 1308 1656 1452 1699; x_wconf 89' lang='lat' dir='ltr'><strong>numero</strong></span> 
     </span>
     <span class='ocr_line' id='line_1_10' title="bbox 311 1758 1580 1848; baseline -0.004 -24"><span class='ocrx_word' id='word_1_61' title='bbox 311 1759 574 1848; x_wconf 79' lang='lat' dir='ltr'><strong>particularium</strong></span> <span class='ocrx_word' id='word_1_62' title='bbox 614 1758 765 1825; x_wconf 88' lang='lat' dir='ltr'><strong>locorum</strong></span> <span class='ocrx_word' id='word_1_63' title='bbox 802 1759 1029 1845; x_wconf 85' lang='lat' dir='ltr'><strong>particulares</strong></span> <span class='ocrx_word' id='word_1_64' title='bbox 1065 1760 1257 1847; x_wconf 78' lang='lat' dir='ltr'><strong>suscipiant</strong></span> <span class='ocrx_word' id='word_1_65' title='bbox 1290 1759 1452 1826; x_wconf 84' lang='lat' dir='ltr'><strong>reddant·</strong></span> <span class='ocrx_word' id='word_1_66' title='bbox 1479 1758 1580 1820; x_wconf 82' lang='lat'><strong>541</strong></span> 
     </span>
    </p>

    <p class='ocr_par' dir='ltr' id='par_1_8' title="bbox 249 1883 1484 2473">
     <span class='ocr_line' id='line_1_11' title="bbox 249 1883 1452 1972; baseline -0.001 -22"><span class='ocrx_word' id='word_1_67' title='bbox 249 1888 290 1950; x_wconf 84' lang='lat'><strong>10</strong></span> <span class='ocrx_word' id='word_1_68' title='bbox 312 1908 377 1970; x_wconf 91' lang='lat' dir='ltr'><strong>que</strong></span> <span class='ocrx_word' id='word_1_69' title='bbox 396 1884 623 1950; x_wconf 85' lang='lat' dir='ltr'><strong>obiectiones:</strong></span> <span class='ocrx_word' id='word_1_70' title='bbox 644 1883 793 1970; x_wconf 84' lang='lat' dir='ltr'><strong>Gorgias</strong></span> <span class='ocrx_word' id='word_1_71' title='bbox 812 1884 876 1949; x_wconf 87' lang='lat' dir='ltr'><strong>iste</strong></span> <span class='ocrx_word' id='word_1_72' title='bbox 896 1885 958 1967; x_wconf 87' lang='lat' dir='ltr'><strong>(sio</strong></span> <span class='ocrx_word' id='word_1_73' title='bbox 978 1885 1071 1950; x_wconf 86' lang='lat' dir='ltr'><strong>enirn</strong></span> <span class='ocrx_word' id='word_1_74' title='bbox 1097 1885 1375 1972; x_wconf 86' lang='lat' dir='ltr'><strong>Disputatorem,</strong></span> <span class='ocrx_word' id='word_1_75' title='bbox 1396 1884 1452 1950; x_wconf 91' lang='lat' dir='ltr'><strong>cui</strong></span> 
     </span>
     <span class='ocr_line' id='line_1_12' title="bbox 313 2010 1448 2095; baseline -0.002 -19"><span class='ocrx_word' id='word_1_76' title='bbox 313 2011 460 2076; x_wconf 85' lang='lat' dir='ltr'><strong>maxima</strong></span> <span class='ocrx_word' id='word_1_77' title='bbox 480 2010 617 2095; x_wconf 81' lang='lat' dir='ltr'><strong>sigillus</strong></span> <span class='ocrx_word' id='word_1_78' title='bbox 647 2010 712 2075; x_wconf 86' lang='lat' dir='ltr'><strong>iste</strong></span> <span class='ocrx_word' id='word_1_79' title='bbox 736 2010 895 2095; x_wconf 87' lang='lat' dir='ltr'><strong>inservit,</strong></span> <span class='ocrx_word' id='word_1_80' title='bbox 927 2010 996 2075; x_wconf 90' lang='lat' dir='ltr'><strong>dici</strong></span> <span class='ocrx_word' id='word_1_81' title='bbox 1027 2010 1213 2093; x_wconf 85' lang='lat' dir='ltr'><strong>voluimus)</strong></span> <span class='ocrx_word' id='word_1_82' title='bbox 1240 2032 1311 2076; x_wconf 91' lang='lat' dir='ltr'><strong>uon</strong></span> <span class='ocrx_word' id='word_1_83' title='bbox 1338 2010 1448 2076; x_wconf 82' lang='lat' dir='ltr'><strong>solunt</strong></span> 
     </span>
     <span class='ocr_line' id='line_1_13' title="bbox 311 2134 1484 2221; baseline 0.001 -22"><span class='ocrx_word' id='word_1_84' title='bbox 311 2136 349 2201; x_wconf 93' lang='lat' dir='ltr'><strong>in</strong></span> <span class='ocrx_word' id='word_1_85' title='bbox 376 2135 577 2201; x_wconf 79' lang='lat' dir='ltr'><strong>verbalibus</strong></span> <span class='ocrx_word' id='word_1_86' title='bbox 596 2134 769 2221; x_wconf 74' lang='lat' dir='ltr'><strong>positiviS,</strong></span> <span class='ocrx_word' id='word_1_87' title='bbox 800 2135 860 2200; x_wconf 88' lang='lat' dir='ltr'><strong>sed</strong></span> <span class='ocrx_word' id='word_1_88' title='bbox 878 2142 913 2200; x_wconf 87' lang='lat' dir='ltr'><strong>et</strong></span> <span class='ocrx_word' id='word_1_89' title='bbox 940 2136 977 2200; x_wconf 92' lang='lat' dir='ltr'><strong>iu</strong></span> <span class='ocrx_word' id='word_1_90' title='bbox 1001 2135 1078 2200; x_wconf 86' lang='lat' dir='ltr'><strong>aliis</strong></span> <span class='ocrx_word' id='word_1_91' title='bbox 1109 2135 1271 2202; x_wconf 92' lang='lat' dir='ltr'><strong>omnibus</strong></span> <span class='ocrx_word' id='word_1_92' title='bbox 1294 2135 1448 2201; x_wconf 87' lang='lat' dir='ltr'><strong>locorum</strong></span> <span class='ocrx_word' id='word_1_93' title='bbox 1481 2203 1484 2208; x_wconf 69' lang='grc'>,</span> 
     </span>
     <span class='ocr_line' id='line_1_14' title="bbox 311 2259 1453 2348; baseline -0.001 -22"><span class='ocrx_word' id='word_1_94' title='bbox 311 2260 489 2348; x_wconf 85' lang='lat' dir='ltr'><strong>speciebus</strong></span> <span class='ocrx_word' id='word_1_95' title='bbox 509 2261 553 2325; x_wconf 88' lang='lat' dir='ltr'><strong>ad</strong></span> <span class='ocrx_word' id='word_1_96' title='bbox 572 2260 730 2346; x_wconf 90' lang='lat' dir='ltr'><strong>proprias</strong></span> <span class='ocrx_word' id='word_1_97' title='bbox 750 2283 784 2325; x_wconf 88' lang='lat' dir='ltr'><strong>se</strong></span> <span class='ocrx_word' id='word_1_98' title='bbox 805 2260 959 2326; x_wconf 87' lang='lat' dir='ltr'><strong>conferre</strong></span> <span class='ocrx_word' id='word_1_99' title='bbox 978 2259 1173 2327; x_wconf 86' lang='lat' dir='ltr'><strong>functiones</strong></span> <span class='ocrx_word' id='word_1_100' title='bbox 1192 2261 1331 2348; x_wconf 85' lang='lat' dir='ltr'><strong>poterit.</strong></span> <span class='ocrx_word' id='word_1_101' title='bbox 1351 2260 1453 2327; x_wconf 81' lang='lat' dir='ltr'><strong>Gom-</strong></span> 
     </span>
     <span class='ocr_line' id='line_1_15' title="bbox 312 2385 1451 2473; baseline -0.001 -22"><span class='ocrx_word' id='word_1_102' title='bbox 312 2386 410 2453; x_wconf 90' lang='lat' dir='ltr'><strong>mode</strong></span> <span class='ocrx_word' id='word_1_103' title='bbox 434 2385 526 2451; x_wconf 90' lang='lat' dir='ltr'><strong>enim</strong></span> <span class='ocrx_word' id='word_1_104' title='bbox 551 2385 778 2451; x_wconf 77' lang='lat' dir='ltr'><strong>diversimode</strong></span> <span class='ocrx_word' id='word_1_105' title='bbox 810 2385 979 2473; x_wconf 86' lang='lat' dir='ltr'><strong>disposita</strong></span> <span class='ocrx_word' id='word_1_106' title='bbox 1006 2387 1153 2461; x_wconf 80' lang='lat' dir='ltr'><strong>cubilia,</strong></span> <span class='ocrx_word' id='word_1_107' title='bbox 1189 2388 1284 2452; x_wconf 86' lang='lat' dir='ltr'><strong>varie</strong></span> <span class='ocrx_word' id='word_1_108' title='bbox 1319 2385 1451 2452; x_wconf 87' lang='lat' dir='ltr'><strong>effiucti</strong></span> 
     </span>
    </p>

    <p class='ocr_par' dir='ltr' id='par_1_9' title="bbox 250 2511 1454 2726">
     <span class='ocr_line' id='line_1_16' title="bbox 250 2511 1454 2599; baseline -0.003 -18"><span class='ocrx_word' id='word_1_109' title='bbox 250 2519 288 2582; x_wconf 77' lang='lat'><strong>15</strong></span> <span class='ocrx_word' id='word_1_110' title='bbox 311 2512 463 2595; x_wconf 89' lang='lat' dir='ltr'><strong>numeri,</strong></span> <span class='ocrx_word' id='word_1_111' title='bbox 488 2511 644 2577; x_wconf 88' lang='lat' dir='ltr'><strong>diversae</strong></span> <span class='ocrx_word' id='word_1_112' title='bbox 667 2512 865 2599; x_wconf 85' lang='lat' dir='ltr'><strong>suppositae</strong></span> <span class='ocrx_word' id='word_1_113' title='bbox 891 2513 1204 2598; x_wconf 84' lang='lat' dir='ltr'><strong>concatenationes,</strong></span> <span class='ocrx_word' id='word_1_114' title='bbox 1228 2534 1372 2579; x_wconf 84' lang='lat' dir='ltr'><strong>numero</strong></span> <span class='ocrx_word' id='word_1_115' title='bbox 1396 2534 1454 2577; x_wconf 89' lang='lat' dir='ltr'><strong>va·</strong></span> 
     </span>
     <span class='ocr_line' id='line_1_17' title="bbox 311 2637 1331 2726; baseline 0 -22"><span class='ocrx_word' id='word_1_116' title='bbox 311 2639 495 2725; x_wconf 86' lang='lat' dir='ltr'><strong>rietatique</strong></span> <span class='ocrx_word' id='word_1_117' title='bbox 519 2637 795 2704; x_wconf 88' lang='lat' dir='ltr'><strong>verificationum</strong></span> <span class='ocrx_word' id='word_1_118' title='bbox 818 2638 1107 2726; x_wconf 86' lang='lat' dir='ltr'><strong>disputandarum</strong></span> <span class='ocrx_word' id='word_1_119' title='bbox 1129 2639 1331 2704; x_wconf 85' lang='lat' dir='ltr'><strong>inservient.</strong></span> 
     </span>
    </p>
   </div>
   <div class='ocr_carea' id='block_1_3' title="bbox 402 2763 1453 2850">
    <p class='ocr_par' dir='ltr' id='par_1_10' title="bbox 402 2763 1453 2850">
     <span class='ocr_line' id='line_1_18' title="bbox 402 2763 1453 2850; baseline 0 -23"><span class='ocrx_word' id='word_1_120' title='bbox 402 2763 443 2827; x_wconf 93' lang='lat' dir='ltr'><strong>Iu</strong></span> <span class='ocrx_word' id='word_1_121' title='bbox 463 2764 547 2850; x_wconf 88' lang='lat' dir='ltr'><strong>ipsis</strong></span> <span class='ocrx_word' id='word_1_122' title='bbox 568 2787 644 2829; x_wconf 90' lang='lat' dir='ltr'><strong>cum</strong></span> <span class='ocrx_word' id='word_1_123' title='bbox 664 2763 710 2828; x_wconf 88' lang='lat' dir='ltr'><strong>sit</strong></span> <span class='ocrx_word' id='word_1_124' title='bbox 727 2776 810 2829; x_wconf 87' lang='lat' dir='ltr'><strong>nota</strong></span> <span class='ocrx_word' id='word_1_125' title='bbox 840 2765 1026 2847; x_wconf 80' lang='lat' dir='ltr'><strong>conclusio,</strong></span> <span class='ocrx_word' id='word_1_126' title='bbox 1051 2772 1085 2829; x_wconf 88' lang='lat' dir='ltr'><strong>et</strong></span> <span class='ocrx_word' id='word_1_127' title='bbox 1109 2763 1177 2829; x_wconf 92' lang='lat' dir='ltr'><strong>duo</strong></span> <span class='ocrx_word' id='word_1_128' title='bbox 1201 2769 1453 2849; x_wconf 86' lang='lat' dir='ltr'><strong>consequenter</strong></span> 
     </span>
    </p>
   </div>
   <div class='ocr_carea' id='block_1_4' title="bbox 313 2888 1452 3099">
    <p class='ocr_par' dir='ltr' id='par_1_11' title="bbox 313 2888 1452 3099">
     <span class='ocr_line' id='line_1_19' title="bbox 313 2888 1452 2974; baseline 0.004 -23"><span class='ocrx_word' id='word_1_129' title='bbox 313 2888 355 2954; x_wconf 87' lang='lat' dir='ltr'><strong>de</strong></span> <span class='ocrx_word' id='word_1_130' title='bbox 374 2888 485 2954; x_wconf 90' lang='lat' dir='ltr'><strong>tribus</strong></span> <span class='ocrx_word' id='word_1_131' title='bbox 518 2890 829 2974; x_wconf 87' lang='lat' dir='ltr'><strong>argumentationis</strong></span> <span class='ocrx_word' id='word_1_132' title='bbox 863 2890 1033 2972; x_wconf 86' lang='lat' dir='ltr'><strong>terminis,</strong></span> <span class='ocrx_word' id='word_1_133' title='bbox 1070 2889 1174 2955; x_wconf 90' lang='lat' dir='ltr'><strong>medii</strong></span> <span class='ocrx_word' id='word_1_134' title='bbox 1207 2889 1452 2955; x_wconf 88' lang='lat' dir='ltr'><strong>tantummodo</strong></span> 
     </span>
     <span class='ocr_line' id='line_1_20' title="bbox 314 3012 839 3099; baseline 0.002 -21"><span class='ocrx_word' id='word_1_135' title='bbox 314 3012 462 3099; x_wconf 86' lang='lat' dir='ltr'><strong>figuram</strong></span> <span class='ocrx_word' id='word_1_136' title='bbox 481 3014 663 3080; x_wconf 88' lang='lat' dir='ltr'><strong>collocasse</strong></span> <span class='ocrx_word' id='word_1_137' title='bbox 683 3014 839 3079; x_wconf 87' lang='lat' dir='ltr'><strong>sufficiet.</strong></span> 
     </span>
    </p>
   </div>
   <div class='ocr_carea' id='block_1_5' title="bbox 247 3259 1582 3416">
    <p class='ocr_par' dir='ltr' id='par_1_12' title="bbox 247 3259 1582 3416">
     <span class='ocr_line' id='line_1_21' title="bbox 247 3259 1582 3345; baseline -0.007 -7"><span class='ocrx_word' id='word_1_138' title='bbox 247 3276 291 3338; x_wconf 72' lang='lat'><strong>⁸20</strong></span> <span class='ocrx_word' id='word_1_139' title='bbox 483 3296 626 3335; x_wconf 81' lang='lat' dir='ltr'><strong>Cirraaorum</strong></span> <span class='ocrx_word' id='word_1_140' title='bbox 641 3306 784 3345; x_wconf 67' lang='lat' dir='ltr'><strong>cumpomm.</strong></span> <span class='ocrx_word' id='word_1_141' title='bbox 799 3295 915 3335; x_wconf 83' lang='lat' dir='ltr'><strong>hortorum</strong></span> <span class='ocrx_word' id='word_1_142' title='bbox 930 3300 952 3333; x_wconf 85' lang='lat' dir='ltr'><strong>et</strong></span> <span class='ocrx_word' id='word_1_143' title='bbox 968 3300 1099 3343; x_wconf 75' lang='lat' dir='ltr'><strong>antrorum,</strong></span> <span class='ocrx_word' id='word_1_144' title='bbox 1114 3293 1274 3333; x_wconf 78' lang='lat' dir='ltr'><strong>vlaestmlsexti</strong></span> <span class='ocrx_word' id='word_1_145' title='bbox 1476 3260 1508 3320; x_wconf 75' lang='lat' dir='ltr'><strong>b</strong></span> <span class='ocrx_word' id='word_1_146' title='bbox 1527 3259 1582 3322; x_wconf 63' lang='lat'><strong>8&#39;</strong></span> 
     </span>
     <span class='ocr_line' id='line_1_22' title="bbox 711 3366 1061 3416; baseline 0.009 -13"><span class='ocrx_word' id='word_1_147' title='bbox 711 3367 817 3407; x_wconf 80' lang='lat' dir='ltr'><strong>videlicet</strong></span> <span class='ocrx_word' id='word_1_148' title='bbox 832 3367 912 3416; x_wconf 72' lang='lat' dir='ltr'><strong>sigilli,</strong></span> <span class='ocrx_word' id='word_1_149' title='bbox 928 3366 1061 3416; x_wconf 68' lang='lat' dir='ltr'><strong>explicatio.</strong></span> 
     </span>
    </p>
   </div>
   <div class='ocr_carea' id='block_1_6' title="bbox 249 3564 1456 4036">
    <p class='ocr_par' dir='ltr' id='par_1_13' title="bbox 315 3564 1456 3909">
     <span class='ocr_line' id='line_1_23' title="bbox 404 3564 1455 3656; baseline -0.006 -20"><span class='ocrx_word' id='word_1_150' title='bbox 404 3571 566 3638; x_wconf 72' lang='lat' dir='ltr'><strong>Diversae</strong></span> <span class='ocrx_word' id='word_1_151' title='bbox 578 3572 748 3638; x_wconf 82' lang='lat' dir='ltr'><strong>‘novimus</strong></span> <span class='ocrx_word' id='word_1_152' title='bbox 768 3595 838 3637; x_wconf 88' lang='lat' dir='ltr'><strong>esse</strong></span> <span class='ocrx_word' id='word_1_153' title='bbox 869 3571 1083 3636; x_wconf 86' lang='lat' dir='ltr'><strong>diversorum</strong></span> <span class='ocrx_word' id='word_1_154' title='bbox 1113 3567 1322 3656; x_wconf 89' lang='lat' dir='ltr'><strong>simplicium</strong></span> <span class='ocrx_word' id='word_1_155' title='bbox 1341 3564 1455 3651; x_wconf 89' lang='lat' dir='ltr'><strong>quali·</strong></span> 
     </span>
     <span class='ocr_line' id='line_1_24' title="bbox 315 3693 1456 3785; baseline -0.003 -25"><span class='ocrx_word' id='word_1_156' title='bbox 315 3702 420 3778; x_wconf 87' lang='lat' dir='ltr'><strong>tates,</strong></span> <span class='ocrx_word' id='word_1_157' title='bbox 454 3698 568 3763; x_wconf 86' lang='lat' dir='ltr'><strong>varios</strong></span> <span class='ocrx_word' id='word_1_158' title='bbox 598 3699 703 3762; x_wconf 86' lang='lat' dir='ltr'><strong>etiam</strong></span> <span class='ocrx_word' id='word_1_159' title='bbox 736 3698 839 3785; x_wconf 86' lang='lat' dir='ltr'><strong>plane</strong></span> <span class='ocrx_word' id='word_1_160' title='bbox 869 3703 1004 3762; x_wconf 88' lang='lat' dir='ltr'><strong>constat</strong></span> <span class='ocrx_word' id='word_1_161' title='bbox 1028 3695 1237 3782; x_wconf 85' lang='lat' dir='ltr'><strong>qualitatum</strong></span> <span class='ocrx_word' id='word_1_162' title='bbox 1267 3693 1456 3774; x_wconf 88' lang='lat' dir='ltr'><strong>variarum,</strong></span> 
     </span>
     <span class='ocr_line' id='line_1_25' title="bbox 315 3817 1456 3909; baseline -0.003 -24"><span class='ocrx_word' id='word_1_163' title='bbox 315 3821 379 3886; x_wconf 90' lang='lat' dir='ltr'><strong>sub</strong></span> <span class='ocrx_word' id='word_1_164' title='bbox 398 3823 504 3887; x_wconf 89' lang='lat' dir='ltr'><strong>variis</strong></span> <span class='ocrx_word' id='word_1_165' title='bbox 524 3824 795 3909; x_wconf 87' lang='lat' dir='ltr'><strong>congruentibus</strong></span> <span class='ocrx_word' id='word_1_166' title='bbox 813 3821 1104 3909; x_wconf 81' lang='lat' dir='ltr'><strong>possibilibusque</strong></span> <span class='ocrx_word' id='word_1_167' title='bbox 1124 3817 1456 3897; x_wconf 89' lang='lat' dir='ltr'><strong>combinationibus,</strong></span> 
     </span>
    </p>

    <p class='ocr_par' dir='ltr' id='par_1_14' title="bbox 249 3947 1455 4036">
     <span class='ocr_line' id='line_1_26' title="bbox 249 3947 1455 4036; baseline -0.004 -24"><span class='ocrx_word' id='word_1_168' title='bbox 249 3963 292 4025; x_wconf 72' lang='lat'><strong>25</strong></span> <span class='ocrx_word' id='word_1_169' title='bbox 315 3970 386 4012; x_wconf 89' lang='lat' dir='ltr'><strong>esse</strong></span> <span class='ocrx_word' id='word_1_170' title='bbox 409 3948 547 4034; x_wconf 79' lang='lat' dir='ltr'><strong>gradus</strong></span> <span class='ocrx_word' id='word_1_171' title='bbox 579 3949 629 4013; x_wconf 88' lang='lat' dir='ltr'><strong>Ea</strong></span> <span class='ocrx_word' id='word_1_172' title='bbox 660 3950 769 4036; x_wconf 90' lang='lat' dir='ltr'><strong>igitur</strong></span> <span class='ocrx_word' id='word_1_173' title='bbox 801 3958 889 4033; x_wconf 88' lang='lat' dir='ltr'><strong>arte,</strong></span> <span class='ocrx_word' id='word_1_174' title='bbox 922 3971 988 4032; x_wconf 87' lang='lat' dir='ltr'><strong>qua</strong></span> <span class='ocrx_word' id='word_1_175' title='bbox 1019 3947 1187 4013; x_wconf 85' lang='lat' dir='ltr'><strong>dictiones</strong></span> <span class='ocrx_word' id='word_1_176' title='bbox 1218 3965 1455 4031; x_wconf 87' lang='lat' dir='ltr'><strong>quascumque</strong></span> 
     </span>
    </p>
   </div>
   <div class='ocr_carea' id='block_1_7' title="bbox 315 4067 1456 4161">
    <p class='ocr_par' dir='ltr' id='par_1_15' title="bbox 315 4067 1456 4161">
     <span class='ocr_line' id='line_1_27' title="bbox 315 4067 1456 4161; baseline -0.005 -23"><span class='ocrx_word' id='word_1_177' title='bbox 315 4073 467 4160; x_wconf 89' lang='lat' dir='ltr'><strong>effigiare</strong></span> <span class='ocrx_word' id='word_1_178' title='bbox 498 4075 689 4159; x_wconf 81' lang='lat' dir='ltr'><strong>docuimus,</strong></span> <span class='ocrx_word' id='word_1_179' title='bbox 710 4074 783 4161; x_wconf 85' lang='lat' dir='ltr'><strong>ipsa</strong></span> <span class='ocrx_word' id='word_1_180' title='bbox 815 4098 929 4140; x_wconf 89' lang='lat' dir='ltr'><strong>rerum</strong></span> <span class='ocrx_word' id='word_1_181' title='bbox 948 4074 1089 4139; x_wconf 85' lang='lat' dir='ltr'><strong>nomina</strong></span> <span class='ocrx_word' id='word_1_182' title='bbox 1119 4074 1269 4158; x_wconf 88' lang='lat' dir='ltr'><strong>figurata</strong></span> <span class='ocrx_word' id='word_1_183' title='bbox 1288 4069 1332 4135; x_wconf 85' lang='lat' dir='ltr'><strong>ad</strong></span> <span class='ocrx_word' id='word_1_184' title='bbox 1356 4067 1456 4134; x_wconf 90' lang='lat' dir='ltr'><strong>illum</strong></span> 
     </span>
    </p>
   </div>
   <div class='ocr_carea' id='block_1_8' title="bbox 317 4387 1458 4538">
    <p class='ocr_par' dir='ltr' id='par_1_16' title="bbox 317 4387 1458 4538">
     <span class='ocr_line' id='line_1_28' title="bbox 410 4387 1458 4460; baseline -0.012 -15"><span class='ocrx_word' id='word_1_185' title='bbox 410 4398 422 4445; x_wconf 96' lang='lat' dir='ltr'><strong>l</strong></span> <span class='ocrx_word' id='word_1_186' title='bbox 439 4412 491 4460; x_wconf 73' lang='lat' dir='ltr'><strong>sqq.</strong></span> <span class='ocrx_word' id='word_1_187' title='bbox 511 4398 545 4458; x_wconf 72' lang='lat' dir='ltr'><strong>rs.</strong></span> <span class='ocrx_word' id='word_1_188' title='bbox 559 4413 587 4459; x_wconf 80' lang='lat' dir='ltr'><strong>p.</strong></span> <span class='ocrx_word' id='word_1_189' title='bbox 603 4397 704 4444; x_wconf 63' lang='lat' dir='ltr'><strong>onae</strong></span> <span class='ocrx_word' id='word_1_190' title='bbox 724 4394 748 4442; x_wconf 90' lang='lat' dir='ltr'><em>T</em></span> <span class='ocrx_word' id='word_1_191' title='bbox 745 4410 817 4453; x_wconf 79' lang='lat' dir='ltr'><strong>occo,</strong></span> <span class='ocrx_word' id='word_1_192' title='bbox 834 4393 867 4442; x_wconf 82' lang='lat' dir='ltr'><strong>Le</strong></span> <span class='ocrx_word' id='word_1_193' title='bbox 884 4408 963 4455; x_wconf 80' lang='lat' dir='ltr'><strong>opere</strong></span> <span class='ocrx_word' id='word_1_194' title='bbox 978 4391 1025 4440; x_wconf 76' lang='lat' dir='ltr'><strong>tat.</strong></span> <span class='ocrx_word' id='word_1_195' title='bbox 1041 4389 1072 4440; x_wconf 74' lang='lat' dir='ltr'><strong>di</strong></span> <span class='ocrx_word' id='word_1_196' title='bbox 1089 4387 1221 4450; x_wconf 67' lang='lat' dir='ltr'><strong>G.B.,1›.</strong></span> <span class='ocrx_word' id='word_1_197' title='bbox 1237 4389 1270 4434; x_wconf 76' lang='lat'><strong>65</strong></span> <span class='ocrx_word' id='word_1_198' title='bbox 1333 4387 1350 4433; x_wconf 91' lang='lat'>8</span> <span class='ocrx_word' id='word_1_199' title='bbox 1367 4392 1458 4442; x_wconf 86' lang='lat' dir='ltr'><strong>(cum)</strong></span> 
     </span>
     <span class='ocr_line' id='line_1_29' title="bbox 317 4463 1458 4538; baseline -0.011 -13"><span class='ocrx_word' id='word_1_200' title='bbox 317 4477 474 4526; x_wconf 71' lang='lat' dir='ltr'><strong>numeros}</strong></span> <span class='ocrx_word' id='word_1_201' title='bbox 539 4479 570 4527; x_wconf 85' lang='lat'><strong>10</strong></span> <span class='ocrx_word' id='word_1_202' title='bbox 585 4474 764 4538; x_wconf 61' lang='lat' dir='ltr'><strong>Georgius&amp;</strong></span> <span class='ocrx_word' id='word_1_203' title='bbox 829 4475 859 4523; x_wconf 81' lang='lat'><strong>15</strong></span> <span class='ocrx_word' id='word_1_204' title='bbox 870 4468 1184 4523; x_wconf 82' lang='lat' dir='ltr'><strong>concathouatiouesP</strong></span> <span class='ocrx_word' id='word_1_205' title='bbox 1247 4467 1277 4516; x_wconf 83' lang='grc'><strong>19</strong></span> <span class='ocrx_word' id='word_1_206' title='bbox 1294 4463 1458 4516; x_wconf 70' lang='lat' dir='ltr'><strong>suffioiatsl</strong></span> 
     </span>
    </p>
   </div>
   <div class='ocr_carea' id='block_1_9' title="bbox 0 0 1712 5122">
    <p class='ocr_par' dir='ltr' id='par_1_17' title="bbox 0 0 1712 5122">
     <span class='ocr_line' id='line_1_30' title="bbox 0 0 1712 5122; baseline 0 0"><span class='ocrx_word' id='word_1_207' title='bbox 0 0 1712 5122; x_wconf 95' lang='lat' dir='ltr'><strong> </strong></span> 
     </span>
    </p>
   </div>
  </div>
 </body>
</html>
