3414 5122
673 400 831 445 rarorum
853 398 981 444 sionni.
1361 379 1400 438 97

253 559 443 647 piationem
466 559 522 624 vel
540 557 804 645 inquisitionem
828 558 882 623 vel
905 555 1064 622 habitum
1089 560 1316 641 promoveret.
1336 553 1400 617 Pa·

254 685 496 766 ritersecundi
515 684 700 769 secundm,
721 685 817 751 tertii
836 683 973 767 tertius,
995 682 1095 749 etita
1111 681 1272 769 deinceps
1291 686 1400 746 caete-

253 835 370 880 rorum
390 814 527 898 caeteri,
549 813 676 901 quibus
702 812 745 880 ad
767 811 929 879 universa
949 833 1052 899 opera
1076 833 1198 878 manus
1217 809 1400 875 admoven-

253 939 347 1007 tibus
366 962 437 1005 non
456 945 507 1005 est
528 938 612 1005 adeo
630 938 803 1027 prolixum
826 939 1032 1024 variumque
1054 936 1286 1025 propositum,
1307 934 1399 1023 quod

210 1064 230 1126 ir
253 1066 308 1133 vel
331 1065 567 1131 intentionum
589 1070 710 1132 catena
740 1066 796 1131 vel
822 1063 1161 1130 circumstantiarum
1180 1061 1399 1151 appositione

253 1191 309 1256 vel
327 1190 419 1257 socio
446 1213 507 1256 seu
529 1190 660 1256 vicario
683 1190 886 1256 succedente
905 1210 976 1255 non
994 1188 1184 1275 attingant,
1207 1194 1399 1274 exaequent

253 1317 308 1382 vel
327 1323 524 1403 exuperent.
544 1317 638 1382 Hinc
657 1316 861 1382 Aristoteles
880 1315 981 1382 aliter
1005 1315 1043 1379 in
1071 1313 1225 1380 subiecta
1254 1312 1397 1379 affectus

254 1463 358 1529 quam
375 1442 477 1508 Plato
496 1441 616 1526 fuerit,
635 1442 702 1507 alia
732 1442 788 1507 vel
815 1463 931 1529 perse
956 1441 1012 1506 vel
1030 1462 1093 1528 per
1112 1440 1271 1505 comitem
1292 1462 1398 1505 enun-

253 1565 369 1632 ciabit.
388 1565 493 1632 Secus
509 1567 594 1632 item
609 1567 791 1654 Physicus‚
810 1589 906 1632 secus
924 1566 1087 1654 Logicu8‚
1105 1588 1201 1632 secus
1219 1565 1400 1653 Metaphy-

189 1686 230 1749 10
253 1690 343 1757 sicus
360 1691 480 1759 aderit.
500 1693 599 1771 Quod
615 1694 645 1760 si
657 1694 810 1782 capitum
823 1693 1056 1780 significativa
1068 1691 1230 1780 partialia
1243 1691 1398 1758 subiecta

194 1820 197 1825 ⁴
252 1815 290 1881 in
304 1817 463 1905 proprias
481 1819 589 1886 libeat
608 1821 777 1886 resolvere
799 1819 990 1908 portiones,
1010 1819 1184 1886 hominem
1209 1819 1326 1885 taliter
1350 1819 1399 1886 af·

252 1941 380 2008 fectum
403 1944 458 2009 vel
487 1952 647 2032 agentem
671 1945 714 2011 ad
737 1945 833 2013 aliud
856 1945 1159 2012 subordinatarum
1179 1947 1397 2013 mansionum

253 2089 433 2135 commune
452 2069 645 2137 subiectum
662 2070 803 2157 referas,
824 2072 861 2138 in
893 2094 960 2158 quo
984 2071 1235 2158 significativas
1254 2071 1398 2160 impleat

253 2194 461 2264 functiones.
480 2197 618 2265 sivero
637 2207 671 2265 et
694 2201 848 2287 partium
879 2200 996 2287 exigas
1025 2200 1227 2288 particulae,
1257 2200 1397 2268 domum

188 2319 366 2406 rodomo,
394 2345 552 2411 campum
581 2347 715 2412 campe,
746 2325 920 2391 theatrum
948 2325 1083 2392 theatro
1114 2325 1315 2414 subordina‚
1345 2327 1397 2393 uti

253 2445 343 2513 Iuris
363 2448 468 2536 periti
485 2449 568 2515 libri
586 2450 623 2516 in
643 2450 775 2536 titulos,
797 2450 892 2516 tituli
911 2451 948 2517 in
967 2452 1074 2538 leges,
1094 2452 1187 2539 leges
1218 2453 1256 2517 in
1279 2457 1322 2537 ἐξ
1348 2475 1398 2518 re·

253 2573 443 2641 solvuntur.

388 2799 635 2885 Peregrinatur
653 2800 857 2868 Aristoteles
875 2827 938 2891 per
957 2804 1084 2870 atrium
1103 2804 1263 2892 primum.
1423 2806 1494 2868 11v

297 2962 338 3028 A.
363 2964 402 3029 B.
427 2963 464 3029 G.
490 2964 531 3029 D.
556 2963 595 3030 Ε.
619 2964 658 3029 F.
683 2965 725 3030 G.
749 2966 793 3031 H.
817 2966 844 3031 I.
869 2966 913 3030 K.

186 3191 231 3255 20
412 3202 453 3267 A.
473 3203 593 3291 Ipsum
612 3204 793 3271 deducitur
811 3229 873 3294 per
891 3205 1019 3272 atrium
1038 3206 1236 3273 secundum.

297 3351 810 3440 aucdefignik

419 3600 448 3642 a.
473 3576 587 3664 ipsum
611 3578 817 3664 commigrat
839 3600 901 3666 per
925 3579 1053 3645 atrium
1078 3578 1229 3643 tertium.

296 3761 317 3805 1.
341 3762 377 3806 11.
401 3762 450 3807 111.
473 3763 518 3806 lv.
543 3765 574 3807 V.
599 3765 643 3807 VI.
670 3764 726 3808 VII.
752 3765 822 3809 VIII.
847 3764 893 3808 lx.
916 3764 949 3808 X.

504 3964 531 4030 1.
556 3964 719 4032 discurrit
737 3990 799 4054 per
817 3967 945 4033 atrium
965 3975 1137 4052 quartum.

185 4126 229 4192 25
299 4130 327 4193 l.
351 4130 381 4193 2.
406 4131 436 4194 3.
460 4130 490 4194 4.
516 4132 545 4194 5.
571 4132 600 4194 6.
627 4131 656 4195 7.
679 4131 709 4194 8.
735 4133 764 4196 9.
792 4133 841 4195 10.

345 4446 519 4498 ἳεοοωιᾱιιε
583 4450 598 4498 5
615 4448 737 4499 cathena
801 4448 832 4500 16
842 4450 921 4514 sorae
933 4449 1010 4500 Iuris
1022 4447 1144 4514 peritis?

385 4560 459 4602 Bnuru
475 4562 528 4613 Opp.
542 4563 582 4602 lac.
595 4562 629 4612 11,
640 4562 661 4603 I.
1209 4563 1234 4603 13
