3414 5122
575 439 620 483 m:
642 439 798 484 mirmur
818 439 1075 486 conemnromn.
1336 423 1393 482 321

258 591 369 659 medie
392 593 436 660 ed
459 594 763 662 demonstrandum
787 596 900 684 ipsum
919 597 1152 683 significatum
1172 618 1233 683 per
1252 594 1396 660 elemen-

257 724 332 785 tum
351 720 461 786 infimi
482 719 601 788 circuli
620 722 813 809 praedicari
833 722 874 788 de
893 722 1094 805 significato·
1106 743 1168 809 per
1187 722 1394 786 elementum

257 847 441 934 superioris
461 849 594 934 circuli,
620 850 669 915 ita
688 857 728 915 ut
748 850 895 916 circulus
914 850 1046 916 medius
1066 871 1199 936 semper
1223 847 1396 935 significet

257 997 393 1041 causam
417 976 472 1041 vel
496 976 647 1043 medium
672 985 813 1066 propter
839 979 929 1064 quod
948 977 1184 1065 praedicatum
1204 976 1331 1041 dieitur
1354 973 1395 1039 de

212 1110 232 1172 5
256 1104 418 1171 subiecto.
434 1104 531 1183 Quod
548 1113 667 1192 pet-eat
681 1129 742 1194 per
756 1107 950 1193 exemplum
967 1104 1069 1172 istud.
1082 1103 1145 1169 Vis
1161 1103 1396 1168 demonstrare

256 1232 367 1298 Deum
383 1255 455 1299 esse
472 1234 757 1320 omnipotentem,
777 1234 882 1298 hebes
902 1233 1013 1297 Deum
1028 1254 1091 1319 pro
1108 1231 1274 1314 subiecto,
1290 1231 1395 1297 habes

256 1360 528 1446 omnipotentem
558 1385 620 1448 pro
650 1361 866 1448 praedicato,
896 1360 1039 1448 dispone
1075 1382 1156 1444 ergo
1187 1358 1396 1424 elementum

255 1485 285 1549 B
314 1485 351 1550 in
384 1486 514 1552 circulo
549 1487 717 1574 superiori
750 1486 949 1572 significans
988 1486 1181 1551 subiectum
1217 1484 1308 1570 quod
1344 1492 1396 1549 esi

255 1611 360 1694 Beue,
392 1611 421 1676 E
455 1612 574 1677 circuli
603 1612 713 1677 infimi
744 1611 945 1696 significans
969 1610 1207 1698 praedicatum
1231 1610 1321 1695 quod
1345 1617 1397 1674 esi

190 1745 231 1807 10
254 1737 410 1822 potentia
440 1759 583 1803 summe.
609 1739 676 1804 Pro
703 1737 969 1802 demonstrando
994 1744 1029 1801 et
1055 1735 1234 1821 probando
1262 1740 1397 1822 oporiet

253 1862 520 1950 investigarem
544 1864 700 1930 invenire
724 1865 873 1930 medium
904 1887 963 1929 seu
995 1886 1149 1945 oausam3
1176 1861 1396 1928 manentibus

254 2012 335 2076 ergo
359 1991 582 2057 inmobilibus
606 2015 763 2079 supremo
788 2000 822 2056 et
844 1991 964 2056 infimo
988 1990 1129 2069 ciroulo,
1152 1989 1323 2054 ducantur
1347 1987 1397 2052 in·

252 2115 307 2182 fra
326 2116 393 2183 duo
413 2118 473 2182 illa
492 2125 626 2183 caetera
646 2119 814 2182 elementa
834 2139 896 2204 per
914 2116 1084 2199 ordinem,
1103 2113 1311 2180 revolvendo
1330 2137 1397 2177 me-

253 2242 349 2308 dinm
380 2243 559 2327 circulum,
591 2244 749 2330 ponendo
774 2244 885 2330 primo
909 2244 939 2307 B
959 2242 1052 2308 infre
1075 2241 1252 2330 praedicta
1281 2248 1316 2303 et
1345 2238 1394 2303 di·

189 2382 230 2443 15
254 2370 361 2434 cende
381 2370 487 2452 BBE,
508 2370 529 2434 i.
550 2392 650 2434 omne
674 2370 875 2436 ‹lill'usimim
890 2370 944 2436 eui
961 2370 1068 2456 ipsius
1088 2368 1192 2453 (qnod
1212 2373 1264 2433 est
1288 2389 1396 2432 unum

254 2497 294 2561 de
314 2498 507 2563 rationibus
531 2497 711 2580 bonitatis)
730 2498 835 2562 habet
853 2498 1045 2585 potentiam
1066 2520 1134 2583 qua
1151 2520 1185 2562 se
1202 2497 1316 2584 ipsum
1333 2494 1397 2561 dif-

254 2622 385 2707 fundit,
406 2624 499 2689 Deus
522 2632 574 2689 est
593 2638 724 2689 summe
744 2624 925 2712 suiipsius
945 2623 1140 2707 diffueivus,
1161 2645 1243 2709 ergo
1263 2643 1395 2688 summe

252 2757 374 2837 potens
397 2773 457 2815 eeu
481 2750 707 2838 omnipotens,
727 2750 791 2815 Vel
811 2750 876 2816 sic:
902 2773 1002 2815 omne
1023 2750 1027 2839 1
1048 2773 1179 2815 summe
1203 2748 1394 2815 bonifioeti·
1419 2749 1515 2828 98¹*

252 2898 334 2941 vum
353 2877 390 2941 in
409 2898 542 2941 summo
557 2882 672 2964 potest
690 2875 891 2941 benefacere
910 2883 945 2940 ei
963 2897 1024 2963 per
1044 2897 1256 2960 consequens
1276 2881 1396 2961 potest

186 3012 231 3074 ‘lo
253 3002 288 3067 in
320 3026 466 3087 summe,
497 3004 590 3069 Deus
611 3006 615 3086 l
636 3012 687 3069 est
715 3027 846 3069 surmne
873 3003 1117 3069 bonifiootivus
1136 3012 1171 3067 et
1193 3025 1255 3088 per
1278 3024 1393 3067 conse·
1418 2998 1526 3062 697

254 3152 361 3214 quens
381 3138 457 3211 ete,
484 3154 565 3216 ergo
589 3139 651 3197 ete.
676 3132 808 3196 Deinde
827 3134 902 3198 loco
921 3131 1031 3218 ipsius
1050 3131 1080 3195 B
1100 3130 1203 3196 medii
1234 3131 1395 3197 succedat

253 3259 294 3341 Ο,
326 3259 470 3325 dicendo
494 3259 602 3324 BOE:
632 3282 732 3325 omne
756 3258 865 3324 sciens
889 3260 1006 3324 omnia
1034 3281 1094 3325 seu
1124 3282 1256 3324 summe
1284 3258 1394 3324 soiens

253 3394 366 3474 potest
390 3409 492 3474 super
515 3387 630 3453 omnia-
659 3410 717 3452 eeu
745 3386 850 3452 hebet
879 3409 1047 3451 summam
1071 3387 1279 3474 polentiam,
1302 3388 1394 3454 Deus

253 3519 304 3577 osi
335 3534 466 3578 summe
491 3512 600 3577 sciens
624 3519 658 3576 el
682 3511 881 3597 intelligens
905 3535 1007 3606 super
1031 3511 1158 3593 omnia,
1184 3534 1265 3598 ergo
1290 3513 1394 3578 habeb

187 3640 230 3704 ‘25
254 3661 422 3704 summam
440 3638 633 3725 potentiam
658 3660 716 3702 seu
737 3636 954 3724 omnipotens
978 3645 1038 3702 est.
1060 3636 1227 3702 Similiter
1245 3661 1306 3724 per
1325 3639 1394 3704 alia

254 3765 365 3830 medie
384 3764 458 3829 lieri
476 3770 599 3851 potest.
621 3764 715 3840 Quae
736 3762 873 3847 quidem
891 3762 1002 3827 medie
1021 3785 1090 3828 non
1111 3762 1220 3827 solum
1233 3772 1313 3828 sunt
1325 3771 1392 3828 ter-

254 3890 339 3955 mini
359 3889 426 3976 ipsi
444 3889 482 3953 in
501 3896 575 3953 arte
592 3888 761 3975 expliciti,
778 3887 838 3953 sed
854 3888 958 3952 etiarn
971 3911 1042 3953 esse
1059 3896 1202 3974 possunt
1218 3888 1391 3954 innumeri

254 4015 325 4096 elii,
347 4021 448 4101 prout
468 4013 624 4100 superius
643 4013 833 4094 doouimnn,
854 4012 1044 4079 ordinando
1064 4013 1181 4079 domos
1197 4036 1259 4100 pro
1279 4013 1394 4079 termi-

345 4337 360 4384 6
374 4333 617 4400 omnipotentem?
629 4332 716 4382 habes
731 4331 755 4382 G
817 4333 848 4382 12
861 4331 1055 4382 immobilibus
1064 4329 1116 4382 Ae
1181 4331 1210 4380 15
1225 4328 1256 4397 i.]
1267 4329 1297 4380 id
1311 4330 1392 4382 eetG

254 4413 421 4466 diffusivum
435 4414 500 4465 AG:
516 4413 663 4465 diffusium
678 4414 703 4463 P
766 4413 795 4462 21
813 4418 843 4463 et
856 4417 926 4464 oeel.
942 4415 1051 4474 ergoet
1064 4416 1135 4463 eaeo.
1146 4410 1171 4461 P
1180 4413 1245 4477 (oon
1256 4411 1292 4475 A)
1302 4448 1307 4475 ‚
1317 4428 1330 4460 e
1339 4411 1391 4461 coel

256 4496 358 4546 altrove
420 4496 556 4547 suecedet
566 4493 630 4546 Aa:
647 4494 798 4545 sueooedot
813 4492 838 4544 P

386 4591 461 4630 Bruto
478 4589 532 4640 Opp.
545 4591 584 4628 lat.
600 4587 635 4638 11,
650 4588 671 4628 2.
1202 4586 1228 4626 ⁴1
