3414 5122
560 449 606 492 nn
628 449 785 494 niumm:
806 450 1063 497 cousinnroanr.
1324 439 1383 497 287

244 608 372 688 potest,
393 610 467 670 tum
485 627 548 690 per
567 604 656 669 hano
675 605 799 691 ipsam,
819 614 893 670 tum
913 612 947 671 et
965 629 1027 693 per
1056 607 1141 673 alias
1162 607 1383 674 discurrendo

242 730 394 815 regulas,
416 728 540 815 quibus
557 728 600 794 ad
616 753 752 796 omnem
768 731 1004 797 inventionem
1021 732 1264 799 manuduoaris
1281 739 1384 818 atque

241 854 386 941 copiam.

414 1087 478 1155 DE
512 1088 706 1166 QVARTA
738 1089 931 1157 REGVLA
963 1089 1154 1170 ‘QVARE’
1180 1090 1219 1155 Ε.

716 1302 754 1344 Vl.
771 1302 906 1344 Mambrum.

329 1478 475 1558 'Quare’
496 1480 653 1546 ordinate
673 1480 894 1567 subsequitur
917 1480 1111 1568 praedictas
1134 1502 1252 1546 omnes
1283 1488 1386 1567 atque
1410 1490 1435 1538 θ
1455 1477 1509 1538 4v

244 1605 415 1692 singulam
433 1614 512 1693 post
532 1606 624 1693 ipsas
643 1606 735 1672 enim
755 1629 958 1693 quaeremus
975 1605 1097 1693 ‘quare
1116 1606 1188 1672 est?
1210 1628 1315 1691 quare
1333 1613 1385 1671 est

241 1729 327 1795 hoo?
351 1753 456 1816 quare
476 1738 527 1796 est
551 1731 592 1796 de
611 1731 696 1797 hoo?
721 1754 827 1817 quare
855 1739 907 1798 est
937 1731 1076 1798 huius?
1108 1731 1182 1796 Imo
1213 1738 1248 1796 et
1279 1753 1385 1816 quaro

242 1856 408 1943 supponit
437 1879 509 1921 rem
540 1879 625 1941 esse,
645 1878 717 1922 rem
741 1879 814 1922 esse
840 1857 904 1922 hoc
923 1880 995 1922 esse
1022 1856 1064 1922 de
1094 1856 1171 1941 hoe,
1192 1881 1264 1922 esse
1283 1856 1384 1922 huius

176 1993 219 2056 10
241 2003 312 2044 esse
325 1981 428 2064 illius,
445 1988 479 2045 et
495 1989 638 2046 caetera.
655 1981 740 2047 Post
753 1982 968 2048 combinatus
980 1980 1101 2047 itidem
1113 1981 1248 2067 quaerit
1263 1980 1385 2068 ‘quare

241 2113 293 2172 est
320 2107 384 2172 hoe
412 2107 504 2192 quod
528 2129 600 2173 esse
624 2106 765 2190 dicitur,
790 2116 824 2173 et
851 2130 923 2173 esse
943 2107 1008 2172 hoe
1027 2107 1068 2172 de
1088 2107 1148 2173 illo
1171 2107 1227 2172 vel
1254 2106 1384 2172 illius?

240 2233 336 2297 Duas
374 2231 530 2297 admittit
562 2232 704 2319 species3
740 2239 792 2297 est
826 2232 918 2298 euim
952 2232 1067 2298 Lullio
1102 2231 1230 2318 duplex
1264 2254 1382 2316 quare:

240 2357 384 2422 formale
417 2358 577 2423 videlieet
609 2367 643 2422 et
670 2358 783 2423 finale.
807 2358 862 2424 Ad
893 2357 1130 2444 quaestionem
1160 2357 1252 2421 enirn
1281 2357 1385 2422 istam

241 2483 488 2570 respondemus
508 2489 583 2549 tum
601 2505 662 2570 per
681 2482 852 2570 principia
876 2482 1037 2549 formalia
1066 2482 1114 2547 rei
1144 2482 1383 2566 constitutiva,

177 2614 218 2678 to
241 2608 296 2672 vel
315 2629 495 2693 persuum
525 2607 647 2690 ivum,
679 2607 788 2672 abile
816 2615 850 2672 et
881 2631 962 2690 are,
987 2607 1042 2673 vel
1065 2629 1127 2694 per
1150 2607 1280 2694 primas
1299 2607 1384 2672 diras

241 2733 381 2820 regulae
399 2731 426 2797 O
445 2732 589 2819 speeies,
608 2733 663 2797 vel
687 2754 748 2819 per
777 2754 844 2797 are
873 2732 1005 2819 primae
1033 2733 1159 2819 speciei
1178 2731 1318 2817 regulae
1337 2732 1384 2814 D,

241 2865 275 2922 et
294 2856 478 2923 secundam
498 2856 650 2922 eiusdem
669 2857 809 2942 regulae
833 2857 994 2944 speeiem;
1006 2864 1080 2921 tum
1096 2879 1159 2943 per
1177 2855 1213 2921 id
1233 2856 1277 2922 ad
1293 2855 1384 2942 quod

239 2983 354 3068 ipsum
373 2981 414 3047 de
434 3004 502 3067 quo
521 2989 573 3047 est
591 2983 747 3066 quaestio
765 2981 903 3048 videtur
922 3005 993 3047 esse
1013 2982 1220 3047 ordinatum.

328 3106 536 3194 Exemplum
570 3107 702 3193 primae
734 3107 871 3193 speciei,
897 3107 926 3172 si
957 3114 1142 3193 quaeratur
1175 3105 1297 3192 ‘quare
1332 3112 1384 3172 est

174 3243 218 3307 90
240 3232 376 3298 homo?
397 3232 524 3298 dieitur
543 3233 624 3317 quia
648 3239 700 3297 est
719 3254 780 3298 sua
798 3232 961 3314 essentia,
981 3232 1036 3298 vel
1056 3232 1109 3297 sui
1128 3255 1199 3297 esse
1219 3230 1382 3297 constitn-

240 3358 365 3440 tivum,
394 3357 449 3423 vel
473 3379 535 3443 per
559 3378 659 3422 suum
689 3355 811 3439 irum,
840 3356 949 3421 abile
978 3367 1013 3423 et
1040 3379 1120 3440 are,
1148 3363 1269 3443 utpote
1300 3357 1384 3441 quia

241 3490 294 3548 est
320 3481 611 3564 homifioativum‚
630 3481 668 3546 id
692 3489 744 3546 est
774 3504 876 3548 eausa
906 3481 979 3547 eius
1007 3481 1167 3547 effectiva
1191 3489 1254 3546 eto.
1278 3482 1382 3568 Resp.

241 3630 302 3694 per
323 3608 473 3695 primam
504 3607 650 3692 speeiem
671 3607 810 3693 regutae
835 3605 876 3689 Ο,
896 3630 957 3693 per
980 3606 1017 3671 id
1045 3607 1136 3691 quod
1155 3615 1207 3672 est
1238 3606 1274 3670 in
1294 3629 1329 3670 sa
1349 3614 1384 3670 et

240 3732 345 3798 habet
364 3732 401 3797 in
420 3755 455 3798 se
478 3733 664 3797 intrinsece
684 3731 949 3798 constitutivum
968 3739 1003 3796 et
1023 3730 1274 3813 coessentiaiia,
1296 3754 1383 3815 quae

174 3873 217 3936 ‘25
242 3857 286 3922 ad
301 3856 484 3922 secundam
505 3856 656 3922 eiusdem
680 3857 819 3941 regulae
841 3856 1297 3943 speeiem1·eferuntur;per
1316 3863 1383 3921 ter·

243 3982 330 4047 tiam
358 3982 442 4046 item
471 3989 699 4067 quartamque
729 3982 884 4068 regulam
916 3981 956 4064 O,
992 3981 1081 4047 unde
1111 3981 1286 4067 responsio
1318 3981 1384 4045 erit

241 4107 284 4171 ab
305 4106 429 4172 effectu
454 4107 570 4193 potius
594 4129 697 4193 quam
721 4130 741 4172 a
764 4129 881 4172 eausa:
906 4106 1026 4192 'quare
1054 4113 1106 4171 est
1133 4106 1257 4189 homo,
1277 4106 1313 4170 id
1332 4113 1385 4171 est

334 4435 351 4483 8
365 4431 456 4483 Immo
470 4433 494 4484 G
550 4434 581 4482 10
591 4432 705 4499 quaerit
716 4433 754 4484 P:
771 4440 892 4500 quaerat
904 4432 1002 4483 AA²·'³:
1013 4432 1230 4500 quaestionesG
1286 4434 1317 4485 22
1331 4434 1384 4484 Re·

242 4512 401 4578 spondetur
414 4513 438 4564 G
