<?xml version="1.0" encoding="UTF-8"?>
<!DOCTYPE html PUBLIC "-//W3C//DTD XHTML 1.0 Transitional//EN"
    "http://www.w3.org/TR/xhtml1/DTD/xhtml1-transitional.dtd">
<html xmlns="http://www.w3.org/1999/xhtml" xml:lang="en" lang="en">
 <head>
  <title>
</title>
<meta http-equiv="Content-Type" content="text/html;charset=utf-8" />
  <meta name='ocr-system' content='tesseract 3.04.00' />
  <meta name='ocr-capabilities' content='ocr_page ocr_carea ocr_par ocr_line ocrx_word'/>
</head>
<body>
  <div class='ocr_page' id='page_1' title='image "./jordanibruninol03brungoog_0363.png"; bbox 0 0 3414 5122; ppageno 0'>
   <div class='ocr_carea' id='block_1_1' title="bbox 249 375 951 440">
    <p class='ocr_par' dir='ltr' id='par_1_1' title="bbox 249 375 951 440">
     <span class='ocr_line' id='line_1_1' title="bbox 249 375 951 440; baseline 0.009 -8"><span class='ocrx_word' id='word_1_1' title='bbox 249 375 308 434; x_wconf 80' lang='lat'>352</span> <span class='ocrx_word' id='word_1_2' title='bbox 690 395 827 440; x_wconf 75' lang='lat' dir='ltr'>rounam</span> <span class='ocrx_word' id='word_1_3' title='bbox 851 395 951 438; x_wconf 78' lang='lat' dir='ltr'>narni</span> 
     </span>
    </p>
   </div>
   <div class='ocr_carea' id='block_1_2' title="bbox 205 545 710 1387">
    <p class='ocr_par' dir='ltr' id='par_1_2' title="bbox 248 545 710 1011">
     <span class='ocr_line' id='line_1_2' title="bbox 249 545 678 636; baseline 0.014 -27"><span class='ocrx_word' id='word_1_4' title='bbox 249 545 385 612; x_wconf 89' lang='lat' dir='ltr'>Bonum</span> <span class='ocrx_word' id='word_1_5' title='bbox 407 551 525 636; x_wconf 83' lang='lat' dir='ltr'>magni</span> <span class='ocrx_word' id='word_1_6' title='bbox 542 550 678 617; x_wconf 78' lang='lat' dir='ltr'>durans</span> 
     </span>
     <span class='ocr_line' id='line_1_3' title="bbox 250 671 710 760; baseline 0.013 -25"><span class='ocrx_word' id='word_1_7' title='bbox 250 671 386 738; x_wconf 92' lang='lat' dir='ltr'>Bonum</span> <span class='ocrx_word' id='word_1_8' title='bbox 406 677 523 760; x_wconf 87' lang='lat' dir='ltr'>magni</span> <span class='ocrx_word' id='word_1_9' title='bbox 542 674 710 743; x_wconf 81' lang='lat' dir='ltr'>durantis.</span> 
     </span>
     <span class='ocr_line' id='line_1_4' title="bbox 248 796 679 885; baseline 0.012 -25"><span class='ocrx_word' id='word_1_10' title='bbox 248 796 338 862; x_wconf 92' lang='lat' dir='ltr'>Boni</span> <span class='ocrx_word' id='word_1_11' title='bbox 357 822 521 885; x_wconf 86' lang='lat' dir='ltr'>magnum</span> <span class='ocrx_word' id='word_1_12' title='bbox 542 800 679 867; x_wconf 85' lang='lat' dir='ltr'>durans.</span> 
     </span>
     <span class='ocr_line' id='line_1_5' title="bbox 249 921 632 1011; baseline 0.016 -25"><span class='ocrx_word' id='word_1_13' title='bbox 249 921 338 987; x_wconf 91' lang='lat' dir='ltr'>Boni</span> <span class='ocrx_word' id='word_1_14' title='bbox 358 926 476 1011; x_wconf 89' lang='lat' dir='ltr'>magni</span> <span class='ocrx_word' id='word_1_15' title='bbox 496 926 632 993; x_wconf 76' lang='lat' dir='ltr'>dumus</span> 
     </span>
    </p>

    <p class='ocr_par' dir='ltr' id='par_1_3' title="bbox 205 1048 689 1387">
     <span class='ocr_line' id='line_1_6' title="bbox 205 1048 689 1136; baseline 0.008 -22"><span class='ocrx_word' id='word_1_16' title='bbox 205 1054 225 1114; x_wconf 80' lang='lat'>5</span> <span class='ocrx_word' id='word_1_17' title='bbox 249 1048 347 1114; x_wconf 92' lang='lat' dir='ltr'>Bono</span> <span class='ocrx_word' id='word_1_18' title='bbox 366 1073 531 1136; x_wconf 90' lang='lat' dir='ltr'>magnum</span> <span class='ocrx_word' id='word_1_19' title='bbox 552 1052 689 1118; x_wconf 84' lang='lat' dir='ltr'>durans.</span> 
     </span>
     <span class='ocr_line' id='line_1_7' title="bbox 249 1173 650 1262; baseline 0.007 -24"><span class='ocrx_word' id='word_1_20' title='bbox 249 1173 346 1240; x_wconf 90' lang='lat' dir='ltr'>Bono</span> <span class='ocrx_word' id='word_1_21' title='bbox 367 1198 494 1262; x_wconf 87' lang='lat' dir='ltr'>magno</span> <span class='ocrx_word' id='word_1_22' title='bbox 513 1177 650 1243; x_wconf 74' lang='lat' dir='ltr'>durans,</span> 
     </span>
     <span class='ocr_line' id='line_1_8' title="bbox 250 1299 642 1387; baseline 0.015 -25"><span class='ocrx_word' id='word_1_23' title='bbox 250 1299 348 1363; x_wconf 91' lang='lat' dir='ltr'>Bono</span> <span class='ocrx_word' id='word_1_24' title='bbox 367 1302 487 1387; x_wconf 89' lang='lat' dir='ltr'>magni</span> <span class='ocrx_word' id='word_1_25' title='bbox 505 1301 642 1368; x_wconf 83' lang='lat' dir='ltr'>durana.</span> 
     </span>
    </p>
   </div>
   <div class='ocr_carea' id='block_1_3' title="bbox 339 1495 924 1601">
    <p class='ocr_par' dir='ltr' id='par_1_4' title="bbox 339 1495 924 1601">
     <span class='ocr_line' id='line_1_9' title="bbox 339 1495 924 1601; baseline 0.003 -39"><span class='ocrx_word' id='word_1_26' title='bbox 339 1495 510 1601; x_wconf 78' lang='lat' dir='ltr'>Omnibus</span> <span class='ocrx_word' id='word_1_27' title='bbox 529 1498 747 1599; x_wconf 79' lang='lat' dir='ltr'>substantive</span> <span class='ocrx_word' id='word_1_28' title='bbox 763 1501 924 1586; x_wconf 84' lang='lat' dir='ltr'>sumptis:</span> 
     </span>
    </p>
   </div>
   <div class='ocr_carea' id='block_1_4' title="bbox 187 1659 885 2119">
    <p class='ocr_par' dir='ltr' id='par_1_5' title="bbox 187 1659 885 1868">
     <span class='ocr_line' id='line_1_10' title="bbox 251 1659 885 1745; baseline 0.002 -21"><span class='ocrx_word' id='word_1_29' title='bbox 251 1659 395 1724; x_wconf 75' lang='lat' dir='ltr'>Bonitas</span> <span class='ocrx_word' id='word_1_30' title='bbox 415 1659 665 1745; x_wconf 80' lang='lat' dir='ltr'>magnitudinis</span> <span class='ocrx_word' id='word_1_31' title='bbox 681 1660 885 1727; x_wconf 83' lang='lat' dir='ltr'>durat-ionis.</span> 
     </span>
     <span class='ocr_line' id='line_1_11' title="bbox 187 1783 879 1868; baseline 0 -16"><span class='ocrx_word' id='word_1_32' title='bbox 187 1789 227 1853; x_wconf 81' lang='lat'>10</span> <span class='ocrx_word' id='word_1_33' title='bbox 249 1783 395 1849; x_wconf 80' lang='lat' dir='ltr'>Bonitas</span> <span class='ocrx_word' id='word_1_34' title='bbox 414 1785 656 1868; x_wconf 80' lang='lat' dir='ltr'>magnitudine</span> <span class='ocrx_word' id='word_1_35' title='bbox 675 1786 879 1853; x_wconf 84' lang='lat' dir='ltr'>durationis.</span> 
     </span>
    </p>

    <p class='ocr_par' dir='ltr' id='par_1_6' title="bbox 249 1907 857 1996">
     <span class='ocr_line' id='line_1_12' title="bbox 249 1907 857 1996; baseline 0.008 -25"><span class='ocrx_word' id='word_1_36' title='bbox 249 1907 337 1974; x_wconf 89' lang='lat' dir='ltr'>Boni</span> <span class='ocrx_word' id='word_1_37' title='bbox 357 1909 423 1973; x_wconf 86' lang='lat' dir='ltr'>atis</span> <span class='ocrx_word' id='word_1_38' title='bbox 442 1911 693 1996; x_wconf 79' lang='lat' dir='ltr'>magnitudinis</span> <span class='ocrx_word' id='word_1_39' title='bbox 710 1912 857 1978; x_wconf 79' lang='lat' dir='ltr'>duratio.</span> 
     </span>
    </p>

    <p class='ocr_par' dir='ltr' id='par_1_7' title="bbox 249 2031 849 2119">
     <span class='ocr_line' id='line_1_13' title="bbox 249 2031 849 2119; baseline 0.007 -23"><span class='ocrx_word' id='word_1_40' title='bbox 249 2031 337 2097; x_wconf 88' lang='lat' dir='ltr'>Boni</span> <span class='ocrx_word' id='word_1_41' title='bbox 357 2033 424 2098; x_wconf 86' lang='lat' dir='ltr'>atis</span> <span class='ocrx_word' id='word_1_42' title='bbox 443 2035 683 2119; x_wconf 73' lang='lat' dir='ltr'>magnitudine</span> <span class='ocrx_word' id='word_1_43' title='bbox 704 2035 849 2102; x_wconf 83' lang='lat' dir='ltr'>duratio.</span> 
     </span>
    </p>
   </div>
   <div class='ocr_carea' id='block_1_5' title="bbox 249 1917 868 2244">
    <p class='ocr_par' dir='ltr' id='par_1_8' title="bbox 249 1917 868 2244">
     <span class='ocr_line' id='line_1_14' title="bbox 341 1917 354 1971; baseline 0 0"><span class='ocrx_word' id='word_1_44' title='bbox 341 1917 354 1971; x_wconf 79' lang='lat' dir='ltr'>t</span> 
     </span>
     <span class='ocr_line' id='line_1_15' title="bbox 249 2158 868 2244; baseline 0.008 -23"><span class='ocrx_word' id='word_1_45' title='bbox 249 2158 423 2222; x_wconf 84' lang='lat' dir='ltr'>Bonitatis</span> <span class='ocrx_word' id='word_1_46' title='bbox 443 2161 646 2244; x_wconf 77' lang='lat' dir='ltr'>magnitudo</span> <span class='ocrx_word' id='word_1_47' title='bbox 665 2161 868 2227; x_wconf 83' lang='lat' dir='ltr'>durationis.</span> 
     </span>
    </p>
   </div>
   <div class='ocr_carea' id='block_1_6' title="bbox 251 2282 852 2370">
    <p class='ocr_par' dir='ltr' id='par_1_9' title="bbox 251 2282 852 2370">
     <span class='ocr_line' id='line_1_16' title="bbox 251 2282 852 2370; baseline 0.005 -24"><span class='ocrx_word' id='word_1_48' title='bbox 251 2282 415 2348; x_wconf 81' lang='lat' dir='ltr'>Bonitate</span> <span class='ocrx_word' id='word_1_49' title='bbox 434 2285 686 2370; x_wconf 87' lang='lat' dir='ltr'>magnitudinis</span> <span class='ocrx_word' id='word_1_50' title='bbox 707 2286 852 2351; x_wconf 89' lang='lat' dir='ltr'>duratio.</span> 
     </span>
    </p>
   </div>
   <div class='ocr_carea' id='block_1_7' title="bbox 188 2489 941 2557">
    <p class='ocr_par' dir='ltr' id='par_1_10' title="bbox 188 2489 941 2557">
     <span class='ocr_line' id='line_1_17' title="bbox 188 2489 941 2557; baseline -0.005 0"><span class='ocrx_word' id='word_1_51' title='bbox 188 2493 229 2557; x_wconf 75' lang='lat'>15</span> <span class='ocrx_word' id='word_1_52' title='bbox 705 2489 941 2555; x_wconf 79' lang='lat' dir='ltr'><strong>INDVCTIO.</strong></span> 
     </span>
    </p>
   </div>
   <div class='ocr_carea' id='block_1_8' title="bbox 182 2657 1397 3622">
    <p class='ocr_par' dir='ltr' id='par_1_11' title="bbox 248 2657 1397 3119">
     <span class='ocr_line' id='line_1_18' title="bbox 341 2657 1396 2746; baseline -0.001 -23"><span class='ocrx_word' id='word_1_53' title='bbox 341 2659 417 2724; x_wconf 91' lang='lat' dir='ltr'>Hoc</span> <span class='ocrx_word' id='word_1_54' title='bbox 436 2660 526 2744; x_wconf 92' lang='lat' dir='ltr'>quod</span> <span class='ocrx_word' id='word_1_55' title='bbox 546 2659 755 2746; x_wconf 81' lang='lat' dir='ltr'>completum</span> <span class='ocrx_word' id='word_1_56' title='bbox 785 2668 835 2724; x_wconf 85' lang='lat' dir='ltr'>ost</span> <span class='ocrx_word' id='word_1_57' title='bbox 867 2660 903 2723; x_wconf 95' lang='lat' dir='ltr'>in</span> <span class='ocrx_word' id='word_1_58' title='bbox 928 2658 1065 2740; x_wconf 74' lang='lat' dir='ltr'>Reor,</span> <span class='ocrx_word' id='word_1_59' title='bbox 1088 2657 1178 2742; x_wconf 88' lang='lat' dir='ltr'>quod</span> <span class='ocrx_word' id='word_1_60' title='bbox 1209 2666 1261 2722; x_wconf 84' lang='lat' dir='ltr'>est·</span> <span class='ocrx_word' id='word_1_61' title='bbox 1286 2680 1396 2723; x_wconf 89' lang='lat' dir='ltr'>unum</span> 
     </span>
     <span class='ocr_line' id='line_1_19' title="bbox 250 2784 1396 2871; baseline 0 -23"><span class='ocrx_word' id='word_1_62' title='bbox 250 2785 441 2849; x_wconf 77' lang='lat' dir='ltr'>membrum</span> <span class='ocrx_word' id='word_1_63' title='bbox 461 2785 564 2870; x_wconf 89' lang='lat' dir='ltr'>primi</span> <span class='ocrx_word' id='word_1_64' title='bbox 578 2785 729 2871; x_wconf 82' lang='lat' dir='ltr'>cylindri</span> <span class='ocrx_word' id='word_1_65' title='bbox 748 2784 849 2849; x_wconf 86' lang='lat' dir='ltr'>huius</span> <span class='ocrx_word' id='word_1_66' title='bbox 869 2784 1061 2864; x_wconf 81' lang='lat' dir='ltr'>columnae,</span> <span class='ocrx_word' id='word_1_67' title='bbox 1082 2785 1283 2869; x_wconf 84' lang='lat' dir='ltr'>intelligant</span> <span class='ocrx_word' id='word_1_68' title='bbox 1305 2807 1396 2849; x_wconf 85' lang='lat' dir='ltr'>corn·</span> 
     </span>
     <span class='ocr_line' id='line_1_20' title="bbox 248 2905 1397 2994; baseline 0.002 -23"><span class='ocrx_word' id='word_1_69' title='bbox 248 2908 382 2994; x_wconf 87' lang='lat' dir='ltr'>pletum</span> <span class='ocrx_word' id='word_1_70' title='bbox 398 2908 435 2972; x_wconf 89' lang='lat' dir='ltr'>in</span> <span class='ocrx_word' id='word_1_71' title='bbox 455 2908 589 2991; x_wconf 81' lang='grc' dir='ltr'>ΒΟΤΙ),</span> <span class='ocrx_word' id='word_1_72' title='bbox 615 2909 750 2992; x_wconf 75' lang='lat' dir='ltr'>Brun,</span> <span class='ocrx_word' id='word_1_73' title='bbox 771 2909 906 2987; x_wconf 76' lang='lat' dir='ltr'>Tuon,</span> <span class='ocrx_word' id='word_1_74' title='bbox 933 2931 1020 2993; x_wconf 85' lang='lat' dir='ltr'>quae</span> <span class='ocrx_word' id='word_1_75' title='bbox 1045 2917 1126 2974; x_wconf 82' lang='lat' dir='ltr'>sunt</span> <span class='ocrx_word' id='word_1_76' title='bbox 1151 2909 1283 2994; x_wconf 86' lang='lat' dir='ltr'>reliqua</span> <span class='ocrx_word' id='word_1_77' title='bbox 1309 2905 1397 2973; x_wconf 84' lang='lat' dir='ltr'>eius-</span> 
     </span>
     <span class='ocr_line' id='line_1_21' title="bbox 249 3031 1396 3119; baseline 0.001 -23"><span class='ocrx_word' id='word_1_78' title='bbox 249 3031 326 3097; x_wconf 83' lang='lat' dir='ltr'>dcrn</span> <span class='ocrx_word' id='word_1_79' title='bbox 346 3032 496 3119; x_wconf 76' lang='lat' dir='ltr'>cylindri</span> <span class='ocrx_word' id='word_1_80' title='bbox 512 3035 674 3099; x_wconf 81' lang='lat' dir='ltr'>mambra.</span> <span class='ocrx_word' id='word_1_81' title='bbox 695 3034 888 3098; x_wconf 73' lang='lat' dir='ltr'>Identidem</span> <span class='ocrx_word' id='word_1_82' title='bbox 914 3034 974 3098; x_wconf 85' lang='lat' dir='ltr'>fiat</span> <span class='ocrx_word' id='word_1_83' title='bbox 997 3034 1035 3098; x_wconf 91' lang='lat' dir='ltr'>in</span> <span class='ocrx_word' id='word_1_84' title='bbox 1059 3034 1136 3098; x_wconf 80' lang='lat' dir='ltr'>aliis</span> <span class='ocrx_word' id='word_1_85' title='bbox 1157 3033 1396 3119; x_wconf 82' lang='lat' dir='ltr'>cylindrorum</span> 
     </span>
    </p>

    <p class='ocr_par' dir='ltr' id='par_1_12' title="bbox 182 3157 1394 3622">
     <span class='ocr_line' id='line_1_22' title="bbox 182 3157 1394 3240; baseline -0.002 -15"><span class='ocrx_word' id='word_1_86' title='bbox 182 3162 226 3225; x_wconf 79' lang='lat'>‘20</span> <span class='ocrx_word' id='word_1_87' title='bbox 249 3159 425 3240; x_wconf 72' lang='lat' dir='ltr'>membriS,</span> <span class='ocrx_word' id='word_1_88' title='bbox 445 3165 519 3223; x_wconf 89' lang='lat' dir='ltr'>tum</span> <span class='ocrx_word' id='word_1_89' title='bbox 539 3159 718 3223; x_wconf 87' lang='lat' dir='ltr'>columnae</span> <span class='ocrx_word' id='word_1_90' title='bbox 735 3159 847 3240; x_wconf 73' lang='lat' dir='ltr'>istinc,</span> <span class='ocrx_word' id='word_1_91' title='bbox 874 3168 947 3223; x_wconf 83' lang='lat' dir='ltr'>tum</span> <span class='ocrx_word' id='word_1_92' title='bbox 973 3159 1119 3223; x_wconf 87' lang='lat' dir='ltr'>aliarum</span> <span class='ocrx_word' id='word_1_93' title='bbox 1139 3158 1303 3224; x_wconf 89' lang='lat' dir='ltr'>omnium.</span> <span class='ocrx_word' id='word_1_94' title='bbox 1322 3157 1394 3224; x_wconf 89' lang='lat' dir='ltr'>Ubi</span> 
     </span>
     <span class='ocr_line' id='line_1_23' title="bbox 248 3282 1394 3370; baseline 0 -23"><span class='ocrx_word' id='word_1_95' title='bbox 248 3283 335 3348; x_wconf 90' lang='lat' dir='ltr'>illud</span> <span class='ocrx_word' id='word_1_96' title='bbox 352 3292 519 3370; x_wconf 81' lang='lat' dir='ltr'>perpetuo</span> <span class='ocrx_word' id='word_1_97' title='bbox 539 3284 802 3366; x_wconf 78' lang='lat' dir='ltr'>advertemlurn,</span> <span class='ocrx_word' id='word_1_98' title='bbox 823 3294 863 3347; x_wconf 84' lang='lat' dir='ltr'>ut</span> <span class='ocrx_word' id='word_1_99' title='bbox 886 3308 904 3347; x_wconf 91' lang='lat' dir='ltr'>c</span> <span class='ocrx_word' id='word_1_100' title='bbox 928 3284 1041 3348; x_wconf 83' lang='lat' dir='ltr'>tribus</span> <span class='ocrx_word' id='word_1_101' title='bbox 1065 3283 1225 3348; x_wconf 85' lang='lat' dir='ltr'>terminis</span> <span class='ocrx_word' id='word_1_102' title='bbox 1245 3305 1334 3347; x_wconf 85' lang='lat' dir='ltr'>unus</span> <span class='ocrx_word' id='word_1_103' title='bbox 1355 3282 1394 3347; x_wconf 93' lang='lat' dir='ltr'>in</span> 
     </span>
     <span class='ocr_line' id='line_1_24' title="bbox 248 3408 1392 3497; baseline -0.003 -23"><span class='ocrx_word' id='word_1_104' title='bbox 248 3420 341 3476; x_wconf 81' lang='lat' dir='ltr'>racto</span> <span class='ocrx_word' id='word_1_105' title='bbox 365 3411 540 3497; x_wconf 80' lang='lat' dir='ltr'>capiatur3</span> <span class='ocrx_word' id='word_1_106' title='bbox 571 3419 605 3475; x_wconf 80' lang='lat' dir='ltr'>et</span> <span class='ocrx_word' id='word_1_107' title='bbox 636 3410 712 3476; x_wconf 90' lang='lat' dir='ltr'>ideo</span> <span class='ocrx_word' id='word_1_108' title='bbox 743 3418 812 3475; x_wconf 82' lang='lat' dir='ltr'>tros</span> <span class='ocrx_word' id='word_1_109' title='bbox 843 3410 984 3475; x_wconf 82' lang='lat' dir='ltr'>termini</span> <span class='ocrx_word' id='word_1_110' title='bbox 1013 3410 1172 3496; x_wconf 84' lang='lat' dir='ltr'>pluribus</span> <span class='ocrx_word' id='word_1_111' title='bbox 1200 3408 1309 3475; x_wconf 82' lang='lat' dir='ltr'>modis</span> <span class='ocrx_word' id='word_1_112' title='bbox 1339 3409 1392 3472; x_wconf 80' lang='lat'>64.</span> 
     </span>
     <span class='ocr_line' id='line_1_25' title="bbox 250 3535 949 3622; baseline 0 -23"><span class='ocrx_word' id='word_1_113' title='bbox 250 3557 343 3602; x_wconf 89' lang='lat' dir='ltr'>nunc</span> <span class='ocrx_word' id='word_1_114' title='bbox 361 3537 485 3622; x_wconf 81' lang='lat' dir='ltr'>positis</span> <span class='ocrx_word' id='word_1_115' title='bbox 504 3559 573 3601; x_wconf 90' lang='lat' dir='ltr'>non</span> <span class='ocrx_word' id='word_1_116' title='bbox 593 3536 819 3601; x_wconf 85' lang='lat' dir='ltr'>inflectuntur</span> <span class='ocrx_word' id='word_1_117' title='bbox 838 3535 949 3600; x_wconf 82' lang='lat' dir='ltr'>facile.</span> 
     </span>
    </p>
   </div>
   <div class='ocr_carea' id='block_1_9' title="bbox 616 3748 1025 3798">
    <p class='ocr_par' dir='ltr' id='par_1_13' title="bbox 616 3748 1025 3798">
     <span class='ocr_line' id='line_1_26' title="bbox 616 3748 1025 3798; baseline -0.002 -12"><span class='ocrx_word' id='word_1_118' title='bbox 616 3749 735 3798; x_wconf 79' lang='lat' dir='ltr'>Multiplex</span> <span class='ocrx_word' id='word_1_119' title='bbox 751 3749 899 3787; x_wconf 81' lang='lat' dir='ltr'>terminorum</span> <span class='ocrx_word' id='word_1_120' title='bbox 916 3748 1025 3797; x_wconf 72' lang='lat' dir='ltr'>acceptio.</span> 
     </span>
    </p>
   </div>
   <div class='ocr_carea' id='block_1_10' title="bbox 182 3905 1393 4119">
    <p class='ocr_par' dir='ltr' id='par_1_14' title="bbox 182 3905 1393 4119">
     <span class='ocr_line' id='line_1_27' title="bbox 182 3905 1392 3994; baseline -0.002 -22"><span class='ocrx_word' id='word_1_121' title='bbox 182 3916 225 3979; x_wconf 77' lang='grc'>25</span> <span class='ocrx_word' id='word_1_122' title='bbox 339 3908 410 3972; x_wconf 89' lang='lat' dir='ltr'>Nec</span> <span class='ocrx_word' id='word_1_123' title='bbox 433 3915 467 3972; x_wconf 84' lang='lat' dir='ltr'>tc</span> <span class='ocrx_word' id='word_1_124' title='bbox 486 3914 693 3994; x_wconf 80' lang='lat' dir='ltr'>praetereat,</span> <span class='ocrx_word' id='word_1_125' title='bbox 714 3906 805 3992; x_wconf 87' lang='lat' dir='ltr'>quod</span> <span class='ocrx_word' id='word_1_126' title='bbox 825 3906 993 3971; x_wconf 86' lang='lat' dir='ltr'>terminus</span> <span class='ocrx_word' id='word_1_127' title='bbox 1012 3906 1158 3993; x_wconf 83' lang='lat' dir='ltr'>primus,</span> <span class='ocrx_word' id='word_1_128' title='bbox 1177 3906 1241 3970; x_wconf 91' lang='lat' dir='ltr'>hoc</span> <span class='ocrx_word' id='word_1_129' title='bbox 1261 3905 1298 3969; x_wconf 92' lang='lat' dir='ltr'>in</span> <span class='ocrx_word' id='word_1_130' title='bbox 1316 3905 1392 3970; x_wconf 90' lang='lat' dir='ltr'>loco</span> 
     </span>
     <span class='ocr_line' id='line_1_28' title="bbox 249 4030 1393 4119; baseline -0.001 -23"><span class='ocrx_word' id='word_1_131' title='bbox 249 4033 269 4096; x_wconf 94' lang='lat' dir='ltr'>i.</span> <span class='ocrx_word' id='word_1_132' title='bbox 294 4034 330 4098; x_wconf 92' lang='lat' dir='ltr'>in</span> <span class='ocrx_word' id='word_1_133' title='bbox 354 4034 513 4099; x_wconf 90' lang='lat' dir='ltr'>columna</span> <span class='ocrx_word' id='word_1_134' title='bbox 542 4034 608 4098; x_wconf 84' lang='lat' dir='ltr'>ista</span> <span class='ocrx_word' id='word_1_135' title='bbox 631 4056 693 4119; x_wconf 87' lang='lat' dir='ltr'>per</span> <span class='ocrx_word' id='word_1_136' title='bbox 717 4033 746 4096; x_wconf 92' lang='lat' dir='ltr'><strong>B</strong></span> <span class='ocrx_word' id='word_1_137' title='bbox 771 4031 1000 4118; x_wconf 55' lang='lat' dir='ltr'>significatum</span> <span class='ocrx_word' id='word_1_138' title='bbox 1030 4031 1215 4117; x_wconf 84' lang='lat' dir='ltr'>aliquando</span> <span class='ocrx_word' id='word_1_139' title='bbox 1244 4030 1393 4097; x_wconf 84' lang='lat' dir='ltr'>sumitur</span> 
     </span>
    </p>
   </div>
   <div class='ocr_carea' id='block_1_11' title="bbox 462 4203 1090 4210">
    <p class='ocr_par' dir='ltr' id='par_1_15' title="bbox 462 4203 1090 4210">
     <span class='ocr_line' id='line_1_29' title="bbox 462 4203 1090 4210; baseline -0.002 0"><span class='ocrx_word' id='word_1_140' title='bbox 462 4203 1090 4210; x_wconf 68' lang='lat'><em>——-—-—————-——-—-—</em></span> 
     </span>
    </p>
   </div>
   <div class='ocr_carea' id='block_1_12' title="bbox 249 4290 1393 4504">
    <p class='ocr_par' dir='ltr' id='par_1_16' title="bbox 249 4290 1393 4504">
     <span class='ocr_line' id='line_1_30' title="bbox 342 4290 1393 4358; baseline 0 -17"><span class='ocrx_word' id='word_1_141' title='bbox 342 4293 373 4342; x_wconf 88' lang='grc'>22</span> <span class='ocrx_word' id='word_1_142' title='bbox 389 4290 453 4341; x_wconf 75' lang='lat' dir='ltr'>ideo</span> <span class='ocrx_word' id='word_1_143' title='bbox 477 4291 515 4340; x_wconf 86' lang='lat' dir='ltr'>P:</span> <span class='ocrx_word' id='word_1_144' title='bbox 540 4291 606 4340; x_wconf 85' lang='lat' dir='ltr'>inda</span> <span class='ocrx_word' id='word_1_145' title='bbox 630 4290 679 4340; x_wconf 75' lang='lat' dir='ltr'>AG</span> <span class='ocrx_word' id='word_1_146' title='bbox 743 4292 824 4341; x_wconf 62' lang='grc'><strong>2223</strong></span> <span class='ocrx_word' id='word_1_147' title='bbox 843 4291 932 4341; x_wconf 82' lang='lat' dir='ltr'>modis</span> <span class='ocrx_word' id='word_1_148' title='bbox 956 4299 1067 4356; x_wconf 85' lang='lat' dir='ltr'>(quam)</span> <span class='ocrx_word' id='word_1_149' title='bbox 1091 4292 1243 4356; x_wconf 79' lang='lat' dir='ltr'>sexaginta</span> <span class='ocrx_word' id='word_1_150' title='bbox 1266 4298 1393 4358; x_wconf 76' lang='lat' dir='ltr'>quatuor</span> 
     </span>
     <span class='ocr_line' id='line_1_31' title="bbox 250 4370 1390 4437; baseline 0.003 -16"><span class='ocrx_word' id='word_1_151' title='bbox 250 4388 327 4422; x_wconf 88' lang='lat' dir='ltr'>nunc</span> <span class='ocrx_word' id='word_1_152' title='bbox 348 4373 451 4437; x_wconf 85' lang='lat' dir='ltr'>positis</span> <span class='ocrx_word' id='word_1_153' title='bbox 473 4370 549 4435; x_wconf 68' lang='lat' dir='ltr'>(secl)</span> <span class='ocrx_word' id='word_1_154' title='bbox 573 4372 597 4422; x_wconf 71' lang='lat' dir='ltr'>(l</span> <span class='ocrx_word' id='word_1_155' title='bbox 666 4372 697 4421; x_wconf 80' lang='lat'>‘25</span> <span class='ocrx_word' id='word_1_156' title='bbox 714 4377 875 4437; x_wconf 80' lang='lat' dir='ltr'>praetereat</span> <span class='ocrx_word' id='word_1_157' title='bbox 895 4371 962 4421; x_wconf 77' lang='lat' dir='ltr'>AG:</span> <span class='ocrx_word' id='word_1_158' title='bbox 984 4379 1129 4436; x_wconf 80' lang='lat' dir='ltr'>pretereat</span> <span class='ocrx_word' id='word_1_159' title='bbox 1149 4372 1177 4422; x_wconf 90' lang='lat' dir='ltr'><em>P</em></span> <span class='ocrx_word' id='word_1_160' title='bbox 1247 4374 1278 4423; x_wconf 83' lang='grc'>26</span> <span class='ocrx_word' id='word_1_161' title='bbox 1301 4374 1329 4423; x_wconf 85' lang='lat' dir='ltr'>.i.</span> <span class='ocrx_word' id='word_1_162' title='bbox 1351 4374 1390 4424; x_wconf 89' lang='lat' dir='ltr'>P:</span> 
     </span>
     <span class='ocr_line' id='line_1_32' title="bbox 249 4453 401 4504; baseline -0.007 0"><span class='ocrx_word' id='word_1_163' title='bbox 249 4454 278 4504; x_wconf 90' lang='lat' dir='ltr'>id</span> <span class='ocrx_word' id='word_1_164' title='bbox 292 4453 401 4504; x_wconf 77' lang='lat' dir='ltr'>ostAG</span> 
     </span>
    </p>
   </div>
   <div class='ocr_carea' id='block_1_13' title="bbox 0 0 1712 5122">
    <p class='ocr_par' dir='ltr' id='par_1_17' title="bbox 0 0 1712 5122">
     <span class='ocr_line' id='line_1_33' title="bbox 0 0 1712 5122; baseline 0 1"><span class='ocrx_word' id='word_1_165' title='bbox 0 0 1712 5122; x_wconf 95' lang='lat' dir='ltr'> </span> 
     </span>
    </p>
   </div>
  </div>
 </body>
</html>
