3414 5122
563 434 760 478 Exl’nlcu'rlo
782 434 938 479 TRIGINTA
962 434 1171 479 surlnnouvn.
1381 420 1437 478 153

484 700 654 750 combinantur,
671 699 709 748 qul
725 700 912 739 undetricesimus
927 705 962 739 oet
976 700 1075 748 sigillus,
1091 701 1219 751 explicatio.

381 904 602 968 infinitarum
640 903 853 989 syllabarum
896 902 1132 968 differentium
1174 904 1434 969 multitudinem

290 1030 473 1116 perpaucis
494 1052 597 1116 quam
617 1029 793 1095 commode
812 1028 1025 1113 imaginibus
1045 1029 1193 1115 figurare
1210 1028 1435 1095 Combinator

290 1155 357 1221 iste
386 1155 560 1242 perdocet,
581 1157 642 1222 ubi
671 1156 738 1221 trie
762 1156 927 1243 proponit
955 1155 1139 1220 statuenda
1169 1157 1434 1223 combinatoria:

246 1282 442 1368 uprimum
466 1283 503 1346 in
534 1305 601 1366 quo
631 1304 780 1348 consona
811 1289 994 1347 sonantem
1027 1282 1216 1368 praecedit,
1246 1283 1434 1348 secundum

290 1407 419 1492 inquo
449 1429 574 1473 sonans
600 1416 849 1472 consonantem
874 1405 1000 1494 praeit,
1021 1406 1163 1471 tertium
1187 1406 1225 1470 in
1253 1428 1320 1491 quo
1343 1407 1435 1472 inter

291 1532 376 1612 (luas
395 1540 508 1598 tresve
529 1555 696 1598 consonas
716 1533 829 1597 media
853 1554 979 1597 sonans
999 1530 1210 1617 quintuplici
1233 1531 1320 1597 situs
1340 1531 1435 1595 diffe-

291 1658 404 1723 rentia
432 1659 642 1744 designatur.
668 1659 738 1723 Nos
761 1680 801 1723 eo
826 1660 1033 1743 aenigmate,
1060 1657 1096 1721 in
1122 1678 1188 1742 quo
1213 1656 1273 1740 iml
1282 1657 1433 1743 plicatur
1458 1666 1565 1726 545

291 1807 347 1849 ars
368 1784 412 1848 ad
431 1785 629 1850 innumeras
649 1784 839 1850 industrias
864 1784 956 1848 viam
976 1783 1148 1869 aperiens,
1170 1782 1432 1865 insinuavimus,

228 1913 268 1974 10
293 1909 352 1974 ubi
387 1909 502 1996 posita
522 1909 631 1974 bestia
666 1910 703 1972 in
723 1908 835 1975 medio
870 1908 989 1974 circuli
1009 1909 1064 1973 vel
1099 1907 1337 1993 quatrauguli‚
1357 1907 1433 1973 vico

291 2034 495 2120 multiplicis
509 2035 742 2117 consonantis
757 2034 799 2100 ad
813 2035 966 2120 quinque
978 2033 1192 2099 differentias
1205 2032 1432 2119 multiplicem

291 2159 358 2223 sibi
378 2167 557 2225 sonantem
578 2160 745 2225 adsciscit.

409 2361 524 2437 Irrugit
542 2362 616 2420 haec
634 2361 714 2420 aliud
733 2363 855 2422 rmilurn
874 2363 901 2423 si
918 2371 1039 2442 spectat
1056 2361 1094 2423 ad
1113 2372 1226 2439 ortum,

471 2469 606 2528 Primum
625 2468 808 2528 ostentanda
826 2480 872 2528 est
889 2470 975 2529 frons
994 2471 1046 2529 ubi
1064 2471 1138 2530 solis
1158 2470 1252 2548 equis.

228 2576 266 2638 15
412 2576 479 2634 Non
498 2576 614 2652 pariter
632 2575 777 2646 olamans,
797 2579 936 2636 obtutum
953 2577 1028 2637 derit
1044 2577 1095 2636 ubi
1114 2597 1183 2638 sero

468 2682 599 2757 Ultimo,
618 2681 754 2755 Phoebe,
775 2683 819 2741 tui
836 2690 960 2758 tergora
978 2683 1200 2761 quadrupedes,

412 2789 479 2848 Non
498 2790 596 2848 simile
616 2798 663 2847 ost
681 2809 840 2865 resonans,
860 2790 984 2866 vigilem
1001 2792 1171 2869 spectando
1190 2794 1318 2853 Bootern

472 2898 589 2957 Nolano
607 2896 781 2957 adstantem
798 2908 887 2958 nocte
905 2899 1014 2975 dieque
1033 2900 1109 2960 solo.

410 3004 502 3064 Haud
520 3007 634 3083 puriter
652 3024 741 3063 versu
758 3004 832 3064 haee
850 3006 901 3065 ubi
918 3006 1010 3066 tellus
1028 3028 1156 3087 corpore
1174 3008 1269 3069 denso

471 3113 632 3172 Obsisteus
651 3112 751 3171 lumen
771 3112 882 3172 occulit
899 3115 981 3174 Ursa
997 3117 1061 3175 tibi.

407 3222 574 3281 Diversum
592 3219 682 3279 (lictis
700 3221 838 3295 quintum
856 3229 928 3280 tuno
944 3222 1077 3286 intonat⁴
1096 3224 1126 3282 in
1146 3245 1179 3284 se

469 3327 536 3387 Non
556 3327 651 3385 oblita
668 3328 714 3384 sui
733 3348 801 3386 oum
818 3330 885 3387 fera
902 3337 967 3387 tota
985 3329 1073 3390 sidet.

409 3437 453 3495 At
472 3435 496 3493 si
516 3434 581 3494 eius
599 3454 704 3494 vocem
722 3455 863 3494 saxosum
882 3434 1040 3514 prenderit
1058 3445 1190 3511 antrum,

469 3542 619 3601 Flectitur
637 3541 717 3600 unde
736 3550 787 3602 aer
804 3544 995 3604 restituendo
1013 3565 1135 3621 sonum,

221 3655 263 3715 ‘25
408 3652 471 3709 Aut
488 3650 545 3709 tibi
565 3649 638 3708 echo
655 3660 792 3731 resonat,
811 3651 860 3711 vel
879 3654 905 3712 si
922 3653 1115 3715 contenderit
1132 3675 1219 3732 usus,

470 3758 618 3818 Euersam
637 3756 767 3818 reddent
784 3780 874 3819 versa
891 3760 1042 3821 elementa
1058 3770 1170 3821 notam.

378 3944 527 4009 Proinde
545 3946 698 4031 sigillum
729 3948 834 4010 istum
855 3944 898 4010 ad
922 3944 1095 4030 quandam
1125 3943 1337 4008 inventionis
1356 3967 1430 4028 spe·

287 4070 374 4134 ciem
395 4069 542 4135 maxime
561 4069 673 4135 facere
693 4078 744 4134 est
773 4070 1010 4152 manifestum,
1032 4070 1113 4134 olum
1138 4070 1175 4133 in
1194 4069 1341 4150 (luobus,
1369 4067 1429 4132 tri·

378 4336 391 4384 1
411 4333 616 4384 Cobinantisl’
678 4335 693 4383 2
712 4334 879 4384 sillabarum
888 4333 913 4381 Ρ
976 4333 1050 4382 oco·
1062 4335 1064 4393 l
1074 4329 1235 4381 consonal’
1298 4331 1328 4379 13
1337 4350 1392 4394 sqq.
1404 4348 1427 4380 o.

287 4414 341 4464 Ars
357 4410 494 4463 rnenwrioc
507 4430 535 4476 p.
553 4415 601 4463 176
614 4412 694 4463 Intr.
760 4416 791 4463 19
803 4414 894 4465 tullus
907 4413 932 4462 P
995 4413 1026 4462 ‘22
1040 4410 1148 4463 sidotP
1158 4428 1163 4460 :
1175 4410 1254 4460 sodet
1268 4425 1393 4476 correppe
1404 4412 1428 4461 G

286 4495 317 4544 25
333 4493 412 4562 echo]
427 4509 483 4546 vox
495 4497 551 4544 Are
563 4510 635 4546 merri.

417 4589 493 4628 unum
510 4590 564 4637 opp.
579 4589 620 4626 ut.
631 4578 669 4637 n,
688 4588 708 4627 a
1242 4588 1268 4625 so
