3414 5122
190 4393 201 4424 Α

702 460 861 506 rarorum
883 461 1014 506 siniam.
1390 441 1430 502 87

283 622 482 683 numeratas
501 613 676 682 obiectare
695 615 827 681 valebit
846 615 1085 682 ordinatorum
1104 614 1241 681 formae.
1258 613 1431 679 Adsumat

283 741 393 829 igitur
426 741 599 808 diversam
637 763 700 828 pro
734 741 900 807 decadum
931 741 1133 808 diversitate
1164 740 1362 823 materiam,
1390 745 1429 804 ut

283 868 432 956 primam
461 867 623 935 decadem
653 867 710 934 det
728 867 852 952 linum,
883 868 1067 935 secundam
1097 869 1191 951 lana,
1212 866 1352 933 tertiam
1375 887 1429 931 co-

284 993 390 1077 rium,
412 999 571 1079 quartam
589 992 740 1080 lignum,
761 993 920 1081 quintam
943 994 1048 1081 lapis,
1073 999 1206 1059 sextam
1230 990 1429 1078 crystallus,

240 1123 262 1186 ὃ
285 1118 470 1205 septimam
486 1117 629 1203 ferrum,
646 1125 804 1185 octavam
821 1142 891 1203 aes,
908 1140 1035 1184 nonam
1052 1125 1247 1206 argentum,
1262 1115 1431 1181 decimam

285 1268 417 1312 aurum.
438 1244 609 1312 Adsumat
628 1245 733 1311 etiam
753 1245 951 1312 differentes
970 1250 1045 1333 (pro
1069 1245 1283 1310 diversorum
1303 1242 1431 1330 digito·

285 1396 365 1441 rum
376 1374 414 1439 in
427 1372 613 1439 decadibus
631 1372 845 1456 diversitate)
861 1372 1000 1458 formas,
1017 1378 1057 1437 ut
1073 1369 1234 1437 columna
1249 1369 1431 1455 unitatem,

287 1499 443 1587 porticus
462 1498 680 1583 dualitatem,
701 1498 808 1586 tripes
827 1498 1038 1582 trinitatem,
1055 1520 1134 1563 arca
1151 1495 1430 1583 quaternitatem,

287 1625 383 1692 sedes
418 1624 629 1711 quinarium,
663 1646 781 1690 mensa
816 1625 1006 1707 senarium,
1041 1624 1150 1689 altare
1181 1620 1431 1709 septenarium,

222 1755 265 1820 10
287 1753 396 1819 lectus
413 1750 645 1837 octonarium,
658 1751 855 1838 patibulum
877 1750 1120 1833 novenarium,
1134 1750 1236 1816 arbor
1251 1747 1431 1816 denarium

287 1876 432 1944 adferat.
453 1876 543 1942 Aliis
566 1872 697 1964 pariter
719 1876 945 1963 pluribusque
976 1875 1130 1942 materiis
1162 1881 1265 1961 atque
1294 1872 1429 1959 formiS,

287 2002 407 2070 eodem
426 2003 600 2089 similique
623 2009 724 2091 pacto
743 2002 996 2087 diversitatis,
1016 2002 1054 2068 in
1072 2001 1293 2068 innumerum
1311 2022 1430 2072 nume·

289 2136 366 2196 rata
384 2129 451 2194 tibi
472 2128 655 2195 extendere
674 2128 803 2216 poteris
822 2128 985 2195 subiecta.

643 2314 772 2380 Lineus
894 2317 924 2380 3.
1016 2314 1248 2401 Crystallinus
1288 2315 1341 2380 53.

644 2440 780 2505 Laneus
872 2441 923 2504 13.
1014 2439 1160 2505 Ferreus
1288 2440 1341 2505 63.

377 2564 545 2632 'PRIPES
645 2561 827 2630 Coriaceus
873 2566 925 2629 23.
1015 2565 1153 2630 Aeneus
1288 2565 1341 2629 73.

643 2690 798 2776 Ligneus
873 2691 926 2755 33.
1016 2690 1214 2777 Argenteus
1287 2689 1341 2754 83.

643 2815 818 2903 Lapideus
873 2816 927 2880 43.
994 2813 1153 2880 ·Aureus
1288 2816 1341 2881 93.

653 3090 716 3156 DE
749 3089 1064 3173 OENTVRIONE,

712 3235 752 3284 qui
767 3235 838 3275 xvu.
854 3238 888 3275 est
902 3234 1001 3285 sigillus.

375 3432 501 3500 Nolani
524 3432 684 3519 primam,
706 3427 960 3515 Parthenopaei
984 3426 1184 3510 secundam,
1205 3427 1345 3492 tertiam
1369 3427 1431 3493 (la-

285 3557 408 3647 puani,
423 3556 634 3623 Salernitani
651 3561 810 3642 quartam
823 3552 908 3618 mihi
925 3552 1116 3618 centuriam
1130 3552 1334 3634 conflavere3
1348 3552 1430 3619 dum

286 3685 324 3751 in
342 3685 490 3772 primam
509 3682 551 3748 de
570 3680 717 3768 singulis
734 3677 899 3745 centuriis
915 3677 1077 3743 decadem
1096 3684 1275 3765 perceptos
1292 3678 1428 3762 amiccS,

286 3811 324 3875 in
342 3808 528 3875 secundam
546 3806 755 3893 imaginales
774 3824 917 3870 verosve
940 3801 1078 3884 fratres,
1098 3803 1137 3868 in
1160 3803 1300 3869 tertiam
1320 3803 1429 3870 consi-

219 3943 263 4007 25
286 3935 418 4019 liarios,
439 3933 476 3998 in
496 3938 655 4018 quartam
675 3951 809 4011 servos,
829 3929 867 3994 in
887 3927 1047 4014 quintam
1066 3949 1208 4014 pueros,
1229 3927 1266 3993 in
1297 3934 1430 3995 sextam

218 4130 228 4148 ,
286 4061 547 4147 gubernatores,
568 4057 604 4122 in
624 4056 807 4143 septimam
826 4055 996 4136 doctores,
1017 4053 1054 4119 in
1073 4062 1232 4120 octavam
1251 4054 1431 4121 conciona-

288 4195 392 4269 tores,
423 4184 461 4248 in
487 4204 616 4249 nonam
646 4180 873 4262 adversarios,
903 4178 941 4243 in
973 4177 1142 4244 decimam
1177 4177 1429 4266 condiscipulos

288 4310 471 4377 convenire
491 4308 714 4396 conciperem.
732 4305 980 4372 Huiuscemodi
996 4304 1082 4370 mihi
1100 4327 1215 4371 rerum
1234 4305 1431 4392 significan·

382 4522 397 4575 4
413 4521 587 4575 christallus
654 4522 682 4571 ll
700 4519 905 4573 Christallinus
970 4520 1001 4570 21
1018 4519 1201 4585 Partenopaei
