<?xml version="1.0" encoding="UTF-8"?>
<!DOCTYPE html PUBLIC "-//W3C//DTD XHTML 1.0 Transitional//EN"
    "http://www.w3.org/TR/xhtml1/DTD/xhtml1-transitional.dtd">
<html xmlns="http://www.w3.org/1999/xhtml" xml:lang="en" lang="en">
 <head>
  <title>
</title>
<meta http-equiv="Content-Type" content="text/html;charset=utf-8" />
  <meta name='ocr-system' content='tesseract 3.04.00' />
  <meta name='ocr-capabilities' content='ocr_page ocr_carea ocr_par ocr_line ocrx_word'/>
</head>
<body>
  <div class='ocr_page' id='page_1' title='image "./jordanibruninol03brungoog_0273.png"; bbox 0 0 3414 5122; ppageno 0'>
   <div class='ocr_carea' id='block_1_1' title="bbox 245 447 947 507">
    <p class='ocr_par' dir='ltr' id='par_1_1' title="bbox 245 447 947 507">
     <span class='ocr_line' id='line_1_1' title="bbox 245 447 947 507; baseline 0.003 -3"><span class='ocrx_word' id='word_1_1' title='bbox 245 447 304 504; x_wconf 77' lang='lat'>262</span> <span class='ocrx_word' id='word_1_2' title='bbox 682 462 822 507; x_wconf 77' lang='lat' dir='ltr'>rounam</span> <span class='ocrx_word' id='word_1_3' title='bbox 845 460 947 506; x_wconf 82' lang='lat' dir='ltr'>carm</span> 
     </span>
    </p>
   </div>
   <div class='ocr_carea' id='block_1_2' title="bbox 244 615 1394 953">
    <p class='ocr_par' dir='ltr' id='par_1_2' title="bbox 244 615 1394 953">
     <span class='ocr_line' id='line_1_2' title="bbox 244 615 1391 703; baseline -0.001 -22"><span class='ocrx_word' id='word_1_4' title='bbox 244 616 513 702; x_wconf 90' lang='lat' dir='ltr'>immediataque</span> <span class='ocrx_word' id='word_1_5' title='bbox 533 616 752 700; x_wconf 85' lang='lat' dir='ltr'>universalia,</span> <span class='ocrx_word' id='word_1_6' title='bbox 772 625 806 681; x_wconf 86' lang='lat' dir='ltr'>et</span> <span class='ocrx_word' id='word_1_7' title='bbox 822 640 884 703; x_wconf 90' lang='lat' dir='ltr'>per</span> <span class='ocrx_word' id='word_1_8' title='bbox 899 615 981 682; x_wconf 88' lang='lat' dir='ltr'>haec</span> <span class='ocrx_word' id='word_1_9' title='bbox 995 638 1103 701; x_wconf 79' lang='lat' dir='ltr'>usque</span> <span class='ocrx_word' id='word_1_10' title='bbox 1123 616 1166 680; x_wconf 90' lang='lat' dir='ltr'>ad</span> <span class='ocrx_word' id='word_1_11' title='bbox 1185 616 1297 703; x_wconf 89' lang='lat' dir='ltr'>prima</span> <span class='ocrx_word' id='word_1_12' title='bbox 1314 636 1391 702; x_wconf 89' lang='lat' dir='ltr'>pos-</span> 
     </span>
     <span class='ocr_line' id='line_1_3' title="bbox 245 739 1392 828; baseline -0.003 -22"><span class='ocrx_word' id='word_1_13' title='bbox 245 765 361 807; x_wconf 87' lang='lat' dir='ltr'>sumus</span> <span class='ocrx_word' id='word_1_14' title='bbox 389 741 604 807; x_wconf 88' lang='lat' dir='ltr'>ascendendo</span> <span class='ocrx_word' id='word_1_15' title='bbox 634 741 893 807; x_wconf 66' lang='lat' dir='ltr'>multitudinem</span> <span class='ocrx_word' id='word_1_16' title='bbox 924 742 1085 828; x_wconf 75' lang='lat' dir='ltr'>colligere</span> <span class='ocrx_word' id='word_1_17' title='bbox 1104 741 1141 805; x_wconf 89' lang='lat' dir='ltr'>in</span> <span class='ocrx_word' id='word_1_18' title='bbox 1160 762 1279 806; x_wconf 89' lang='lat' dir='ltr'>unum.</span> <span class='ocrx_word' id='word_1_19' title='bbox 1299 739 1392 805; x_wconf 91' lang='lat' dir='ltr'>Defi-</span> 
     </span>
     <span class='ocr_line' id='line_1_4' title="bbox 244 867 1394 953; baseline -0.002 -22"><span class='ocrx_word' id='word_1_20' title='bbox 244 867 341 932; x_wconf 88' lang='lat' dir='ltr'>nitur</span> <span class='ocrx_word' id='word_1_21' title='bbox 360 875 475 932; x_wconf 85' lang='lat' dir='ltr'>autem</span> <span class='ocrx_word' id='word_1_22' title='bbox 494 867 805 953; x_wconf 82' lang='lat' dir='ltr'>generalissimum,</span> <span class='ocrx_word' id='word_1_23' title='bbox 829 867 920 952; x_wconf 92' lang='lat' dir='ltr'>quod</span> <span class='ocrx_word' id='word_1_24' title='bbox 940 891 1017 932; x_wconf 88' lang='lat' dir='ltr'>cum</span> <span class='ocrx_word' id='word_1_25' title='bbox 1036 868 1082 932; x_wconf 89' lang='lat' dir='ltr'>sit</span> <span class='ocrx_word' id='word_1_26' title='bbox 1100 888 1224 952; x_wconf 83' lang='lat' dir='ltr'>genus,</span> <span class='ocrx_word' id='word_1_27' title='bbox 1245 889 1315 931; x_wconf 89' lang='lat' dir='ltr'>non</span> <span class='ocrx_word' id='word_1_28' title='bbox 1333 886 1394 951; x_wconf 92' lang='lat' dir='ltr'>po·</span> 
     </span>
    </p>
   </div>
   <div class='ocr_carea' id='block_1_3' title="bbox 246 991 1391 1080">
    <p class='ocr_par' dir='ltr' id='par_1_3' title="bbox 246 991 1391 1080">
     <span class='ocr_line' id='line_1_5' title="bbox 246 991 1391 1080; baseline -0.001 -24"><span class='ocrx_word' id='word_1_29' title='bbox 246 999 314 1057; x_wconf 85' lang='lat' dir='ltr'>test</span> <span class='ocrx_word' id='word_1_30' title='bbox 332 1015 404 1058; x_wconf 83' lang='lat' dir='ltr'>esse</span> <span class='ocrx_word' id='word_1_31' title='bbox 423 993 566 1080; x_wconf 80' lang='lat' dir='ltr'>species,</span> <span class='ocrx_word' id='word_1_32' title='bbox 587 992 642 1058; x_wconf 86' lang='lat' dir='ltr'>eui</span> <span class='ocrx_word' id='word_1_33' title='bbox 661 1015 731 1058; x_wconf 90' lang='lat' dir='ltr'>non</span> <span class='ocrx_word' id='word_1_34' title='bbox 756 995 956 1080; x_wconf 82' lang='lat' dir='ltr'>supervenit</span> <span class='ocrx_word' id='word_1_35' title='bbox 971 992 1166 1058; x_wconf 78' lang='lat' dir='ltr'>universale</span> <span class='ocrx_word' id='word_1_36' title='bbox 1190 991 1391 1072; x_wconf 80' lang='lat' dir='ltr'>univocum,</span> 
     </span>
    </p>
   </div>
   <div class='ocr_carea' id='block_1_4' title="bbox 201 1115 1390 1208">
    <p class='ocr_par' dir='ltr' id='par_1_4' title="bbox 201 1115 1390 1208">
     <span class='ocr_line' id='line_1_6' title="bbox 201 1115 1390 1208; baseline -0.004 -24"><span class='ocrx_word' id='word_1_37' title='bbox 201 1123 280 1184; x_wconf 77' lang='lat' dir='ltr'>aet</span> <span class='ocrx_word' id='word_1_38' title='bbox 304 1118 396 1205; x_wconf 89' lang='lat' dir='ltr'>quod</span> <span class='ocrx_word' id='word_1_39' title='bbox 419 1119 457 1183; x_wconf 92' lang='lat' dir='ltr'>iu</span> <span class='ocrx_word' id='word_1_40' title='bbox 487 1119 680 1205; x_wconf 87' lang='lat' dir='ltr'>categorica</span> <span class='ocrx_word' id='word_1_41' title='bbox 712 1118 971 1185; x_wconf 79' lang='lat' dir='ltr'>coordinatione</span> <span class='ocrx_word' id='word_1_42' title='bbox 1001 1141 1040 1183; x_wconf 84' lang='lat' dir='ltr'>aa</span> <span class='ocrx_word' id='word_1_43' title='bbox 1067 1124 1207 1183; x_wconf 88' lang='lat' dir='ltr'>tantum</span> <span class='ocrx_word' id='word_1_44' title='bbox 1235 1115 1390 1208; x_wconf 80' lang='lat' dir='ltr'>respicit,</span> 
     </span>
    </p>
   </div>
   <div class='ocr_carea' id='block_1_5' title="bbox 181 1239 1520 4101">
    <p class='ocr_par' dir='ltr' id='par_1_5' title="bbox 181 1239 1520 4101">
     <span class='ocr_line' id='line_1_7' title="bbox 247 1239 1392 1330; baseline -0.003 -22"><span class='ocrx_word' id='word_1_45' title='bbox 247 1265 394 1330; x_wconf 89' lang='lat' dir='ltr'>quorum</span> <span class='ocrx_word' id='word_1_46' title='bbox 425 1250 476 1309; x_wconf 88' lang='lat' dir='ltr'>est</span> <span class='ocrx_word' id='word_1_47' title='bbox 507 1243 761 1327; x_wconf 74' lang='lat' dir='ltr'>contentivam,</span> <span class='ocrx_word' id='word_1_48' title='bbox 791 1243 972 1328; x_wconf 82' lang='lat' dir='ltr'>inferiora,</span> <span class='ocrx_word' id='word_1_49' title='bbox 1003 1243 1045 1308; x_wconf 91' lang='lat' dir='ltr'>de</span> <span class='ocrx_word' id='word_1_50' title='bbox 1076 1242 1202 1327; x_wconf 84' lang='lat' dir='ltr'>quibus</span> <span class='ocrx_word' id='word_1_51' title='bbox 1232 1239 1392 1309; x_wconf 88' lang='lat' dir='ltr'>omnibus</span> 
     </span>
     <span class='ocr_line' id='line_1_8' title="bbox 246 1365 1393 1457; baseline -0.003 -24"><span class='ocrx_word' id='word_1_52' title='bbox 246 1369 391 1434; x_wconf 88' lang='lat' dir='ltr'>univoce</span> <span class='ocrx_word' id='word_1_53' title='bbox 411 1367 551 1452; x_wconf 83' lang='lat' dir='ltr'>dicitur,</span> <span class='ocrx_word' id='word_1_54' title='bbox 572 1391 650 1434; x_wconf 88' lang='lat' dir='ltr'>cum</span> <span class='ocrx_word' id='word_1_55' title='bbox 670 1369 711 1434; x_wconf 89' lang='lat' dir='ltr'>de</span> <span class='ocrx_word' id='word_1_56' title='bbox 730 1370 804 1457; x_wconf 93' lang='lat' dir='ltr'>ipso</span> <span class='ocrx_word' id='word_1_57' title='bbox 824 1370 912 1434; x_wconf 90' lang='lat' dir='ltr'>nihil</span> <span class='ocrx_word' id='word_1_58' title='bbox 937 1368 1082 1435; x_wconf 82' lang='lat' dir='ltr'>univoce</span> <span class='ocrx_word' id='word_1_59' title='bbox 1102 1368 1169 1433; x_wconf 87' lang='lat' dir='ltr'>diei</span> <span class='ocrx_word' id='word_1_60' title='bbox 1189 1367 1312 1454; x_wconf 80' lang='lat' dir='ltr'>possit,</span> <span class='ocrx_word' id='word_1_61' title='bbox 1334 1365 1393 1430; x_wconf 88' lang='lat' dir='ltr'>sed</span> 
     </span>
     <span class='ocr_line' id='line_1_9' title="bbox 246 1491 1394 1580; baseline -0.003 -22"><span class='ocrx_word' id='word_1_62' title='bbox 246 1493 431 1579; x_wconf 84' lang='lat' dir='ltr'>aequivoce</span> <span class='ocrx_word' id='word_1_63' title='bbox 459 1494 514 1559; x_wconf 85' lang='lat' dir='ltr'>vel</span> <span class='ocrx_word' id='word_1_64' title='bbox 549 1494 727 1580; x_wconf 83' lang='lat' dir='ltr'>analogice</span> <span class='ocrx_word' id='word_1_65' title='bbox 757 1493 813 1560; x_wconf 87' lang='lat' dir='ltr'>vel</span> <span class='ocrx_word' id='word_1_66' title='bbox 842 1494 1108 1560; x_wconf 71' lang='lat' dir='ltr'>denominative.</span> <span class='ocrx_word' id='word_1_67' title='bbox 1139 1491 1394 1580; x_wconf 87' lang='lat' dir='ltr'>Specialissima</span> 
     </span>
     <span class='ocr_line' id='line_1_10' title="bbox 245 1617 1392 1706; baseline -0.002 -24"><span class='ocrx_word' id='word_1_68' title='bbox 245 1618 374 1704; x_wconf 86' lang='lat' dir='ltr'>species</span> <span class='ocrx_word' id='word_1_69' title='bbox 391 1617 573 1702; x_wconf 82' lang='lat' dir='ltr'>definitur,</span> <span class='ocrx_word' id='word_1_70' title='bbox 593 1642 681 1705; x_wconf 89' lang='lat' dir='ltr'>quae</span> <span class='ocrx_word' id='word_1_71' title='bbox 700 1642 769 1685; x_wconf 90' lang='lat' dir='ltr'>non</span> <span class='ocrx_word' id='word_1_72' title='bbox 787 1629 903 1706; x_wconf 87' lang='lat' dir='ltr'>potest</span> <span class='ocrx_word' id='word_1_73' title='bbox 921 1642 1031 1706; x_wconf 88' lang='lat' dir='ltr'>genus</span> <span class='ocrx_word' id='word_1_74' title='bbox 1060 1643 1132 1684; x_wconf 89' lang='lat' dir='ltr'>esse</span> <span class='ocrx_word' id='word_1_75' title='bbox 1139 1643 1146 1702; x_wconf 92' lang='lat'>;</span> <span class='ocrx_word' id='word_1_76' title='bbox 1167 1617 1261 1683; x_wconf 90' lang='lat' dir='ltr'>infra</span> <span class='ocrx_word' id='word_1_77' title='bbox 1280 1617 1392 1704; x_wconf 86' lang='lat' dir='ltr'>ipsam</span> 
     </span>
     <span class='ocr_line' id='line_1_11' title="bbox 181 1742 1394 1832; baseline -0.002 -24"><span class='ocrx_word' id='word_1_78' title='bbox 181 1753 223 1816; x_wconf 82' lang='lat'>10</span> <span class='ocrx_word' id='word_1_79' title='bbox 246 1744 338 1808; x_wconf 87' lang='lat' dir='ltr'>enim</span> <span class='ocrx_word' id='word_1_80' title='bbox 357 1765 427 1809; x_wconf 91' lang='lat' dir='ltr'>non</span> <span class='ocrx_word' id='word_1_81' title='bbox 446 1752 529 1809; x_wconf 89' lang='lat' dir='ltr'>sunt</span> <span class='ocrx_word' id='word_1_82' title='bbox 547 1747 677 1832; x_wconf 87' lang='lat' dir='ltr'>species</span> <span class='ocrx_word' id='word_1_83' title='bbox 702 1745 761 1811; x_wconf 88' lang='lat' dir='ltr'>sed</span> <span class='ocrx_word' id='word_1_84' title='bbox 781 1745 975 1831; x_wconf 83' lang='lat' dir='ltr'>individua,</span> <span class='ocrx_word' id='word_1_85' title='bbox 996 1753 1031 1811; x_wconf 86' lang='lat' dir='ltr'>et</span> <span class='ocrx_word' id='word_1_86' title='bbox 1054 1768 1160 1811; x_wconf 88' lang='lat' dir='ltr'>unam</span> <span class='ocrx_word' id='word_1_87' title='bbox 1176 1743 1281 1809; x_wconf 90' lang='lat' dir='ltr'>habet</span> <span class='ocrx_word' id='word_1_88' title='bbox 1299 1742 1394 1807; x_wconf 87' lang='lat' dir='ltr'>habi·</span> 
     </span>
     <span class='ocr_line' id='line_1_12' title="bbox 244 1868 1393 1959; baseline 0 -26"><span class='ocrx_word' id='word_1_89' title='bbox 244 1868 414 1951; x_wconf 91' lang='lat' dir='ltr'>tudinem,</span> <span class='ocrx_word' id='word_1_90' title='bbox 436 1893 524 1955; x_wconf 71' lang='lat' dir='ltr'>(luae</span> <span class='ocrx_word' id='word_1_91' title='bbox 543 1877 595 1936; x_wconf 91' lang='lat' dir='ltr'>est</span> <span class='ocrx_word' id='word_1_92' title='bbox 614 1871 658 1937; x_wconf 90' lang='lat' dir='ltr'>ad</span> <span class='ocrx_word' id='word_1_93' title='bbox 678 1870 868 1959; x_wconf 83' lang='lat' dir='ltr'>superiora,</span> <span class='ocrx_word' id='word_1_94' title='bbox 895 1894 1041 1958; x_wconf 91' lang='lat' dir='ltr'>quorum</span> <span class='ocrx_word' id='word_1_95' title='bbox 1060 1876 1218 1958; x_wconf 88' lang='lat' dir='ltr'>respectu</span> <span class='ocrx_word' id='word_1_96' title='bbox 1237 1869 1393 1934; x_wconf 87' lang='lat' dir='ltr'>subiecta</span> 
     </span>
     <span class='ocr_line' id='line_1_13' title="bbox 245 1994 1391 2082; baseline 0.001 -23"><span class='ocrx_word' id='word_1_97' title='bbox 245 2003 296 2059; x_wconf 91' lang='lat' dir='ltr'>est</span> <span class='ocrx_word' id='word_1_98' title='bbox 315 1994 455 2081; x_wconf 85' lang='lat' dir='ltr'>species.</span> <span class='ocrx_word' id='word_1_99' title='bbox 476 1995 685 2062; x_wconf 83' lang='lat' dir='ltr'>Subalterua</span> <span class='ocrx_word' id='word_1_100' title='bbox 701 2019 783 2062; x_wconf 83' lang='lat' dir='ltr'>vero</span> <span class='ocrx_word' id='word_1_101' title='bbox 801 2019 928 2082; x_wconf 86' lang='lat' dir='ltr'>genera</span> <span class='ocrx_word' id='word_1_102' title='bbox 952 1997 1240 2081; x_wconf 88' lang='lat' dir='ltr'>subalternaeque</span> <span class='ocrx_word' id='word_1_103' title='bbox 1259 1995 1391 2082; x_wconf 86' lang='lat' dir='ltr'>species</span> 
     </span>
     <span class='ocr_line' id='line_1_14' title="bbox 246 2119 1392 2207; baseline 0.002 -24"><span class='ocrx_word' id='word_1_104' title='bbox 246 2125 341 2204; x_wconf 89' lang='lat' dir='ltr'>sunt,</span> <span class='ocrx_word' id='word_1_105' title='bbox 361 2142 448 2205; x_wconf 89' lang='lat' dir='ltr'>quae</span> <span class='ocrx_word' id='word_1_106' title='bbox 471 2119 510 2185; x_wconf 88' lang='lat' dir='ltr'>in</span> <span class='ocrx_word' id='word_1_107' title='bbox 533 2121 645 2187; x_wconf 89' lang='lat' dir='ltr'>medio</span> <span class='ocrx_word' id='word_1_108' title='bbox 669 2122 894 2187; x_wconf 74' lang='lat' dir='ltr'>consistentia</span> <span class='ocrx_word' id='word_1_109' title='bbox 918 2129 1143 2207; x_wconf 87' lang='lat' dir='ltr'>utrorumque</span> <span class='ocrx_word' id='word_1_110' title='bbox 1166 2120 1392 2207; x_wconf 81' lang='lat' dir='ltr'>suscipientia</span> 
     </span>
     <span class='ocr_line' id='line_1_15' title="bbox 246 2245 1392 2333; baseline 0.001 -23"><span class='ocrx_word' id='word_1_111' title='bbox 246 2245 414 2310; x_wconf 89' lang='lat' dir='ltr'>rationem</span> <span class='ocrx_word' id='word_1_112' title='bbox 443 2252 477 2310; x_wconf 89' lang='lat' dir='ltr'>et</span> <span class='ocrx_word' id='word_1_113' title='bbox 508 2245 592 2312; x_wconf 90' lang='lat' dir='ltr'>duos</span> <span class='ocrx_word' id='word_1_114' title='bbox 624 2246 846 2312; x_wconf 85' lang='lat' dir='ltr'>admittentia</span> <span class='ocrx_word' id='word_1_115' title='bbox 876 2253 1065 2333; x_wconf 82' lang='lat' dir='ltr'>respectus,</span> <span class='ocrx_word' id='word_1_116' title='bbox 1097 2246 1138 2311; x_wconf 76' lang='lat' dir='ltr'>(le</span> <span class='ocrx_word' id='word_1_117' title='bbox 1168 2245 1392 2311; x_wconf 83' lang='lat' dir='ltr'>inferioribus</span> 
     </span>
     <span class='ocr_line' id='line_1_16' title="bbox 181 2369 1392 2460; baseline 0.002 -27"><span class='ocrx_word' id='word_1_118' title='bbox 181 2377 222 2441; x_wconf 83' lang='lat'>15</span> <span class='ocrx_word' id='word_1_119' title='bbox 246 2369 384 2456; x_wconf 87' lang='lat' dir='ltr'>quidem</span> <span class='ocrx_word' id='word_1_120' title='bbox 419 2371 661 2457; x_wconf 85' lang='lat' dir='ltr'>praedicantur</span> <span class='ocrx_word' id='word_1_121' title='bbox 696 2373 874 2460; x_wconf 83' lang='lat' dir='ltr'>speciebus</span> <span class='ocrx_word' id='word_1_122' title='bbox 906 2379 941 2437; x_wconf 93' lang='lat' dir='ltr'>et</span> <span class='ocrx_word' id='word_1_123' title='bbox 971 2371 1177 2455; x_wconf 84' lang='lat' dir='ltr'>individuis,</span> <span class='ocrx_word' id='word_1_124' title='bbox 1208 2376 1243 2435; x_wconf 88' lang='lat' dir='ltr'>et</span> <span class='ocrx_word' id='word_1_125' title='bbox 1273 2369 1392 2435; x_wconf 88' lang='lat' dir='ltr'>eadem</span> 
     </span>
     <span class='ocr_line' id='line_1_17' title="bbox 246 2494 1394 2586; baseline 0.001 -27"><span class='ocrx_word' id='word_1_126' title='bbox 246 2494 480 2581; x_wconf 83' lang='lat' dir='ltr'>superioribus</span> <span class='ocrx_word' id='word_1_127' title='bbox 509 2498 564 2564; x_wconf 86' lang='lat' dir='ltr'>vel</span> <span class='ocrx_word' id='word_1_128' title='bbox 588 2498 757 2586; x_wconf 87' lang='lat' dir='ltr'>superiori</span> <span class='ocrx_word' id='word_1_129' title='bbox 780 2497 899 2586; x_wconf 86' lang='lat' dir='ltr'>generi</span> <span class='ocrx_word' id='word_1_130' title='bbox 929 2504 1108 2584; x_wconf 88' lang='lat' dir='ltr'>tamquam</span> <span class='ocrx_word' id='word_1_131' title='bbox 1132 2497 1262 2584; x_wconf 86' lang='lat' dir='ltr'>specics</span> <span class='ocrx_word' id='word_1_132' title='bbox 1288 2495 1394 2561; x_wconf 90' lang='lat' dir='ltr'>subii·</span> 
     </span>
     <span class='ocr_line' id='line_1_18' title="bbox 247 2622 395 2689; baseline 0.007 -2"><span class='ocrx_word' id='word_1_133' title='bbox 247 2622 395 2689; x_wconf 88' lang='lat' dir='ltr'>ciuntur.</span> 
     </span>
     <span class='ocr_line' id='line_1_19' title="bbox 335 2751 1394 2839; baseline 0.002 -24"><span class='ocrx_word' id='word_1_134' title='bbox 335 2751 376 2816; x_wconf 91' lang='lat' dir='ltr'>In</span> <span class='ocrx_word' id='word_1_135' title='bbox 399 2752 523 2837; x_wconf 88' lang='lat' dir='ltr'>quibus</span> <span class='ocrx_word' id='word_1_136' title='bbox 542 2753 592 2816; x_wconf 87' lang='lat' dir='ltr'>ita</span> <span class='ocrx_word' id='word_1_137' title='bbox 612 2751 822 2818; x_wconf 87' lang='lat' dir='ltr'>coordinatis</span> <span class='ocrx_word' id='word_1_138' title='bbox 846 2752 974 2839; x_wconf 88' lang='lat' dir='ltr'>duplex</span> <span class='ocrx_word' id='word_1_139' title='bbox 1001 2751 1177 2838; x_wconf 87' lang='lat' dir='ltr'>possibilis</span> <span class='ocrx_word' id='word_1_140' title='bbox 1207 2751 1394 2839; x_wconf 89' lang='lat' dir='ltr'>inspicitur</span> 
     </span>
     <span class='ocr_line' id='line_1_20' title="bbox 246 2877 1394 2966; baseline -0.001 -21"><span class='ocrx_word' id='word_1_141' title='bbox 246 2877 459 2966; x_wconf 87' lang='lat' dir='ltr'>praedicatio</span> <span class='ocrx_word' id='word_1_142' title='bbox 477 2884 581 2963; x_wconf 86' lang='lat' dir='ltr'>atque</span> <span class='ocrx_word' id='word_1_143' title='bbox 600 2900 767 2962; x_wconf 85' lang='lat' dir='ltr'>congrua,</span> <span class='ocrx_word' id='word_1_144' title='bbox 784 2880 893 2944; x_wconf 88' lang='lat' dir='ltr'>altera</span> <span class='ocrx_word' id='word_1_145' title='bbox 909 2901 976 2964; x_wconf 89' lang='lat' dir='ltr'>qua</span> <span class='ocrx_word' id='word_1_146' title='bbox 993 2878 1169 2964; x_wconf 85' lang='lat' dir='ltr'>superiora</span> <span class='ocrx_word' id='word_1_147' title='bbox 1189 2879 1306 2943; x_wconf 87' lang='lat' dir='ltr'>omnia</span> <span class='ocrx_word' id='word_1_148' title='bbox 1322 2901 1394 2944; x_wconf 90' lang='lat' dir='ltr'>non</span> 
     </span>
     <span class='ocr_line' id='line_1_21' title="bbox 181 3004 1393 3088; baseline -0.002 -16"><span class='ocrx_word' id='word_1_149' title='bbox 181 3010 225 3072; x_wconf 79' lang='lat'>20</span> <span class='ocrx_word' id='word_1_150' title='bbox 247 3004 398 3071; x_wconf 85' lang='lat' dir='ltr'>vicissim</span> <span class='ocrx_word' id='word_1_151' title='bbox 418 3004 459 3069; x_wconf 89' lang='lat' dir='ltr'>de</span> <span class='ocrx_word' id='word_1_152' title='bbox 479 3004 638 3070; x_wconf 88' lang='lat' dir='ltr'>omuibus</span> <span class='ocrx_word' id='word_1_153' title='bbox 662 3005 894 3071; x_wconf 79' lang='lat' dir='ltr'>eniiuciantur</span> <span class='ocrx_word' id='word_1_154' title='bbox 922 3004 1158 3087; x_wconf 81' lang='lat' dir='ltr'>inferioribus,</span> <span class='ocrx_word' id='word_1_155' title='bbox 1187 3004 1297 3068; x_wconf 87' lang='lat' dir='ltr'>altera</span> <span class='ocrx_word' id='word_1_156' title='bbox 1325 3027 1393 3088; x_wconf 88' lang='lat' dir='ltr'>qua</span> 
     </span>
     <span class='ocr_line' id='line_1_22' title="bbox 248 3130 1393 3218; baseline -0.001 -22"><span class='ocrx_word' id='word_1_157' title='bbox 248 3132 406 3216; x_wconf 87' lang='lat' dir='ltr'>aequalia</span> <span class='ocrx_word' id='word_1_158' title='bbox 424 3130 466 3196; x_wconf 94' lang='lat' dir='ltr'>de</span> <span class='ocrx_word' id='word_1_159' title='bbox 487 3133 729 3217; x_wconf 84' lang='lat' dir='ltr'>coaequalibus</span> <span class='ocrx_word' id='word_1_160' title='bbox 747 3132 910 3197; x_wconf 82' lang='lat' dir='ltr'>vicissim.</span> <span class='ocrx_word' id='word_1_161' title='bbox 941 3133 1045 3196; x_wconf 86' lang='lat' dir='ltr'>quta</span> <span class='ocrx_word' id='word_1_162' title='bbox 1074 3132 1226 3218; x_wconf 89' lang='lat' dir='ltr'>primum</span> <span class='ocrx_word' id='word_1_163' title='bbox 1252 3131 1393 3195; x_wconf 89' lang='lat' dir='ltr'>modum</span> 
     </span>
     <span class='ocr_line' id='line_1_23' title="bbox 248 3256 1393 3342; baseline 0 -23"><span class='ocrx_word' id='word_1_164' title='bbox 248 3256 494 3342; x_wconf 79' lang='lat' dir='ltr'>specialissima</span> <span class='ocrx_word' id='word_1_165' title='bbox 521 3257 564 3320; x_wconf 91' lang='lat' dir='ltr'>de</span> <span class='ocrx_word' id='word_1_166' title='bbox 594 3256 783 3323; x_wconf 86' lang='lat' dir='ltr'>individuis</span> <span class='ocrx_word' id='word_1_167' title='bbox 814 3256 976 3321; x_wconf 86' lang='lat' dir='ltr'>dicuutur</span> <span class='ocrx_word' id='word_1_168' title='bbox 1011 3264 1162 3341; x_wconf 80' lang='lat' dir='ltr'>tantum,</span> <span class='ocrx_word' id='word_1_169' title='bbox 1193 3256 1393 3321; x_wconf 87' lang='lat' dir='ltr'>subalterna</span> 
     </span>
     <span class='ocr_line' id='line_1_24' title="bbox 248 3381 1393 3470; baseline -0.001 -24"><span class='ocrx_word' id='word_1_170' title='bbox 248 3382 290 3446; x_wconf 89' lang='lat' dir='ltr'>dc</span> <span class='ocrx_word' id='word_1_171' title='bbox 313 3381 572 3468; x_wconf 82' lang='lat' dir='ltr'>specialissimis</span> <span class='ocrx_word' id='word_1_172' title='bbox 598 3389 634 3446; x_wconf 90' lang='lat' dir='ltr'>et</span> <span class='ocrx_word' id='word_1_173' title='bbox 660 3382 862 3465; x_wconf 84' lang='lat' dir='ltr'>individuis,</span> <span class='ocrx_word' id='word_1_174' title='bbox 888 3384 1065 3470; x_wconf 84' lang='lat' dir='ltr'>superiora</span> <span class='ocrx_word' id='word_1_175' title='bbox 1095 3383 1137 3447; x_wconf 92' lang='lat' dir='ltr'>de</span> <span class='ocrx_word' id='word_1_176' title='bbox 1169 3381 1393 3447; x_wconf 85' lang='lat' dir='ltr'>inferioribus</span> 
     </span>
     <span class='ocr_line' id='line_1_25' title="bbox 249 3508 1520 3599; baseline -0.002 -25"><span class='ocrx_word' id='word_1_177' title='bbox 249 3509 495 3574; x_wconf 85' lang='lat' dir='ltr'>subalternatis</span> <span class='ocrx_word' id='word_1_178' title='bbox 523 3517 557 3574; x_wconf 89' lang='lat' dir='ltr'>et</span> <span class='ocrx_word' id='word_1_179' title='bbox 586 3509 775 3593; x_wconf 66' lang='lat' dir='ltr'>collocatur,</span> <span class='ocrx_word' id='word_1_180' title='bbox 806 3532 964 3597; x_wconf 87' lang='lat' dir='ltr'>suprema</span> <span class='ocrx_word' id='word_1_181' title='bbox 997 3511 1038 3575; x_wconf 89' lang='lat' dir='ltr'>de</span> <span class='ocrx_word' id='word_1_182' title='bbox 1072 3511 1242 3576; x_wconf 82' lang='lat' dir='ltr'>omnibus</span> <span class='ocrx_word' id='word_1_183' title='bbox 1265 3511 1269 3599; x_wconf 78' lang='grc' dir='ltr'>Ι</span> <span class='ocrx_word' id='word_1_184' title='bbox 1290 3510 1393 3574; x_wconf 84' lang='lat' dir='ltr'>quta</span> <span class='ocrx_word' id='word_1_185' title='bbox 1419 3521 1445 3571; x_wconf 85' lang='lat'>0</span> <span class='ocrx_word' id='word_1_186' title='bbox 1467 3508 1520 3571; x_wconf 62' lang='grc' dir='ltr'>δ’</span> 
     </span>
     <span class='ocr_line' id='line_1_26' title="bbox 183 3633 1393 3718; baseline 0 -20"><span class='ocrx_word' id='word_1_187' title='bbox 183 3643 226 3706; x_wconf 79' lang='grc'>25</span> <span class='ocrx_word' id='word_1_188' title='bbox 251 3633 437 3699; x_wconf 88' lang='lat' dir='ltr'>secundum</span> <span class='ocrx_word' id='word_1_189' title='bbox 457 3635 611 3701; x_wconf 84' lang='lat' dir='ltr'>vicissim</span> <span class='ocrx_word' id='word_1_190' title='bbox 627 3634 754 3700; x_wconf 89' lang='lat' dir='ltr'>dicitur</span> <span class='ocrx_word' id='word_1_191' title='bbox 774 3633 816 3699; x_wconf 90' lang='lat' dir='ltr'>dc</span> <span class='ocrx_word' id='word_1_192' title='bbox 833 3634 1031 3701; x_wconf 88' lang='lat' dir='ltr'>definitione</span> <span class='ocrx_word' id='word_1_193' title='bbox 1051 3634 1251 3718; x_wconf 86' lang='lat' dir='ltr'>definitum,</span> <span class='ocrx_word' id='word_1_194' title='bbox 1271 3640 1393 3699; x_wconf 83' lang='lat' dir='ltr'>exacta</span> 
     </span>
     <span class='ocr_line' id='line_1_27' title="bbox 249 3758 1394 3848; baseline 0.001 -24"><span class='ocrx_word' id='word_1_195' title='bbox 249 3758 434 3848; x_wconf 88' lang='lat' dir='ltr'>descriptio</span> <span class='ocrx_word' id='word_1_196' title='bbox 455 3769 490 3826; x_wconf 87' lang='lat' dir='ltr'>et</span> <span class='ocrx_word' id='word_1_197' title='bbox 509 3760 688 3848; x_wconf 89' lang='lat' dir='ltr'>proprium</span> <span class='ocrx_word' id='word_1_198' title='bbox 712 3761 753 3825; x_wconf 89' lang='lat' dir='ltr'>do</span> <span class='ocrx_word' id='word_1_199' title='bbox 777 3761 950 3848; x_wconf 85' lang='lat' dir='ltr'>descripto</span> <span class='ocrx_word' id='word_1_200' title='bbox 975 3769 1009 3826; x_wconf 87' lang='lat' dir='ltr'>ct</span> <span class='ocrx_word' id='word_1_201' title='bbox 1035 3763 1190 3844; x_wconf 82' lang='lat' dir='ltr'>subiecta</span> <span class='ocrx_word' id='word_1_202' title='bbox 1220 3762 1334 3848; x_wconf 86' lang='lat' dir='ltr'>specie</span> <span class='ocrx_word' id='word_1_203' title='bbox 1360 3772 1394 3825; x_wconf 89' lang='lat' dir='ltr'>et</span> 
     </span>
     <span class='ocr_line' id='line_1_28' title="bbox 250 3884 1394 3975; baseline 0.001 -27"><span class='ocrx_word' id='word_1_204' title='bbox 250 3884 401 3950; x_wconf 86' lang='lat' dir='ltr'>eiusdem</span> <span class='ocrx_word' id='word_1_205' title='bbox 415 3887 644 3952; x_wconf 87' lang='lat' dir='ltr'>constitutiva</span> <span class='ocrx_word' id='word_1_206' title='bbox 663 3886 874 3968; x_wconf 84' lang='lat' dir='ltr'>differentia;</span> <span class='ocrx_word' id='word_1_207' title='bbox 889 3887 1084 3953; x_wconf 75' lang='lat' dir='ltr'>differentia</span> <span class='ocrx_word' id='word_1_208' title='bbox 1102 3896 1136 3952; x_wconf 88' lang='lat' dir='ltr'>ot</span> <span class='ocrx_word' id='word_1_209' title='bbox 1152 3888 1332 3975; x_wconf 90' lang='lat' dir='ltr'>proprium</span> <span class='ocrx_word' id='word_1_210' title='bbox 1352 3887 1394 3951; x_wconf 91' lang='lat' dir='ltr'>de</span> 
     </span>
     <span class='ocr_line' id='line_1_29' title="bbox 249 4013 1394 4101; baseline 0.003 -25"><span class='ocrx_word' id='word_1_211' title='bbox 249 4013 379 4098; x_wconf 87' lang='lat' dir='ltr'>specic;</span> <span class='ocrx_word' id='word_1_212' title='bbox 397 4014 595 4100; x_wconf 83' lang='lat' dir='ltr'>descripti0‚</span> <span class='ocrx_word' id='word_1_213' title='bbox 617 4014 812 4079; x_wconf 73' lang='lat' dir='ltr'>differentia</span> <span class='ocrx_word' id='word_1_214' title='bbox 832 4024 866 4079; x_wconf 90' lang='lat' dir='ltr'>et</span> <span class='ocrx_word' id='word_1_215' title='bbox 884 4016 1078 4101; x_wconf 83' lang='lat' dir='ltr'>proprium,</span> <span class='ocrx_word' id='word_1_216' title='bbox 1099 4015 1274 4079; x_wconf 88' lang='lat' dir='ltr'>ethorum</span> <span class='ocrx_word' id='word_1_217' title='bbox 1294 4014 1394 4101; x_wconf 89' lang='lat' dir='ltr'>plura</span> 
     </span>
    </p>
   </div>
   <div class='ocr_carea' id='block_1_6' title="bbox 248 4138 1337 4226">
    <p class='ocr_par' dir='ltr' id='par_1_6' title="bbox 248 4138 1337 4226">
     <span class='ocr_line' id='line_1_30' title="bbox 248 4138 1337 4226; baseline 0 -22"><span class='ocrx_word' id='word_1_218' title='bbox 248 4138 304 4204; x_wconf 81' lang='lat' dir='ltr'>vel</span> <span class='ocrx_word' id='word_1_219' title='bbox 324 4161 444 4222; x_wconf 91' lang='lat' dir='ltr'>unum,</span> <span class='ocrx_word' id='word_1_220' title='bbox 465 4140 506 4204; x_wconf 89' lang='lat' dir='ltr'>de</span> <span class='ocrx_word' id='word_1_221' title='bbox 525 4139 683 4226; x_wconf 88' lang='lat' dir='ltr'>pluribus</span> <span class='ocrx_word' id='word_1_222' title='bbox 703 4140 757 4204; x_wconf 85' lang='lat' dir='ltr'>vel</span> <span class='ocrx_word' id='word_1_223' title='bbox 774 4162 842 4205; x_wconf 90' lang='lat' dir='ltr'>uno</span> <span class='ocrx_word' id='word_1_224' title='bbox 862 4141 1073 4225; x_wconf 87' lang='lat' dir='ltr'>reliquorum</span> <span class='ocrx_word' id='word_1_225' title='bbox 1093 4141 1147 4208; x_wconf 92' lang='lat' dir='ltr'>vel</span> <span class='ocrx_word' id='word_1_226' title='bbox 1167 4140 1337 4206; x_wconf 89' lang='lat' dir='ltr'>omuibus.</span> 
     </span>
    </p>
   </div>
   <div class='ocr_carea' id='block_1_7' title="bbox 248 4438 1396 4590">
    <p class='ocr_par' dir='ltr' id='par_1_7' title="bbox 248 4438 1396 4590">
     <span class='ocr_line' id='line_1_31' title="bbox 343 4438 1396 4509; baseline 0.003 -20"><span class='ocrx_word' id='word_1_227' title='bbox 343 4438 539 4503; x_wconf 74' lang='lat' dir='ltr'>ecategorice</span> <span class='ocrx_word' id='word_1_228' title='bbox 557 4439 595 4490; x_wconf 74' lang='lat'>0:</span> <span class='ocrx_word' id='word_1_229' title='bbox 614 4441 797 4503; x_wconf 76' lang='lat' dir='ltr'>cathegorica</span> <span class='ocrx_word' id='word_1_230' title='bbox 817 4441 843 4491; x_wconf 87' lang='lat' dir='ltr'>P</span> <span class='ocrx_word' id='word_1_231' title='bbox 906 4444 937 4492; x_wconf 87' lang='grc'>16</span> <span class='ocrx_word' id='word_1_232' title='bbox 957 4447 1103 4509; x_wconf 81' lang='lat' dir='ltr'>tamquam</span> <span class='ocrx_word' id='word_1_233' title='bbox 1126 4442 1165 4493; x_wconf 88' lang='lat' dir='ltr'>P:</span> <span class='ocrx_word' id='word_1_234' title='bbox 1187 4447 1322 4508; x_wconf 79' lang='lat' dir='ltr'>tanquam</span> <span class='ocrx_word' id='word_1_235' title='bbox 1344 4440 1396 4492; x_wconf 78' lang='lat' dir='ltr'>AG</span> 
     </span>
     <span class='ocr_line' id='line_1_32' title="bbox 248 4518 1152 4590; baseline -0.001 -16"><span class='ocrx_word' id='word_1_236' title='bbox 248 4523 282 4574; x_wconf 84' lang='lat'>20</span> <span class='ocrx_word' id='word_1_237' title='bbox 298 4536 354 4587; x_wconf 85' lang='lat' dir='ltr'>qua</span> <span class='ocrx_word' id='word_1_238' title='bbox 369 4519 407 4570; x_wconf 80' lang='lat'>0:</span> <span class='ocrx_word' id='word_1_239' title='bbox 421 4535 493 4585; x_wconf 85' lang='lat' dir='ltr'>qnae</span> <span class='ocrx_word' id='word_1_240' title='bbox 507 4518 623 4570; x_wconf 57' lang='lat' dir='ltr'>Prtzll·³</span> <span class='ocrx_word' id='word_1_241' title='bbox 685 4522 717 4571; x_wconf 77' lang='lat'>24</span> <span class='ocrx_word' id='word_1_242' title='bbox 733 4537 866 4590; x_wconf 81' lang='lat' dir='ltr'>suprema</span> <span class='ocrx_word' id='word_1_243' title='bbox 879 4521 944 4573; x_wconf 76' lang='lat' dir='ltr'>AG:</span> <span class='ocrx_word' id='word_1_244' title='bbox 961 4538 1113 4589; x_wconf 81' lang='lat' dir='ltr'>supraema</span> <span class='ocrx_word' id='word_1_245' title='bbox 1127 4523 1152 4573; x_wconf 92' lang='lat' dir='ltr'><em>P</em></span> 
     </span>
    </p>
   </div>
   <div class='ocr_carea' id='block_1_8' title="bbox 0 0 1712 5122">
    <p class='ocr_par' dir='ltr' id='par_1_8' title="bbox 0 0 1712 5122">
     <span class='ocr_line' id='line_1_33' title="bbox 0 0 1712 5122; baseline 0 0"><span class='ocrx_word' id='word_1_246' title='bbox 0 0 1712 5122; x_wconf 95' lang='lat' dir='ltr'> </span> 
     </span>
    </p>
   </div>
  </div>
 </body>
</html>
