3414 5122
314 386 373 444 206
758 404 897 450 mecam
919 404 1018 451 caum

313 579 408 644 nem,
422 557 454 622 G
466 558 749 641 abstractionem,
763 560 798 624 H
811 561 1079 645 concretionem,
1095 560 1112 625 I
1128 560 1456 646 denominationem,

315 682 350 748 K
384 683 643 770 etymologiam,
678 684 706 749 L
743 684 1078 773 interpretationem,
1112 685 1148 751 M
1182 684 1455 752 consonantiam.

316 806 411 886 Quae
432 830 503 877 non
527 808 642 874 minus
660 809 698 877 in
729 816 868 877 centum
895 810 1120 897 quatragiuta
1144 818 1293 895 quatuor
1313 809 1350 879 in
1370 809 1460 874 invi·

314 954 388 997 cem
404 931 570 1001 deductae
590 932 880 1021 multiplicantur,
900 934 950 1000 ita
969 941 1009 1001 ut
1026 934 1144 1021 aliqua
1159 933 1405 1001 convenientia
1421 933 1458 998 in

271 1064 292 1130 5
315 1054 519 1124 deductione
538 1067 707 1144 servetur,
726 1059 809 1126 haec
828 1066 944 1129 tamen
969 1058 1110 1126 confuse
1137 1060 1208 1126 solo
1236 1058 1460 1126 combinandi

315 1180 435 1248 ordine
454 1190 590 1249 servato
610 1183 660 1250 ita
676 1183 886 1251 insinuetur:
902 1184 1094 1251 [resolutio
1109 1184 1347 1269 resolutionis,
1362 1185 1399 1250 Π
1410 1207 1462 1250 re·

315 1306 440 1376 solutio
457 1308 732 1396 compositionis,
748 1309 803 1377 ΙΙΙ
821 1310 986 1377 resolutio
1004 1308 1208 1394 additionis,
1226 1310 1276 1375 IV
1295 1310 1460 1403 resolutio

316 1431 612 1517 diminutionis,V
628 1434 866 1502 similitudinis
884 1435 1016 1523 capitis,
1037 1442 1072 1499 et
1088 1439 1300 1501 caeterorum
1320 1433 1363 1499 ad
1382 1434 1462 1500 duo

316 1555 450 1624 denarii
478 1559 769 1649 complementum
792 1559 1048 1646 succedentum,
1069 1559 1193 1625 deinde
1216 1559 1310 1625 XIII
1329 1558 1460 1625 additio

252 1689 295 1752 10
320 1681 554 1768 resolutionis,
574 1684 662 1751 XIV
681 1684 813 1752 additio
838 1684 1112 1773 compositionis,
1132 1684 1201 1749 XV
1221 1683 1352 1750 additio
1370 1683 1463 1749 addi·

316 1807 436 1892 tionis,
457 1809 545 1876 XVI
562 1808 694 1875 additio
714 1808 969 1895 diminutionis,
989 1809 1095 1875 XVII
1119 1808 1244 1897 capitis
1264 1808 1461 1876 similitudi-

317 1933 384 2015 nis,
405 1940 440 1999 et
459 1932 606 2002 aliorum
624 1935 795 2021 usquead
819 1934 1135 2020 quatuorvicenarii
1157 1935 1456 2021 complementum.
1486 1938 1588 2017 92²

317 2058 420 2125 Haud
450 2059 552 2126 aliter
571 2059 616 2126 ad
634 2067 748 2126 totum
775 2082 957 2127 numerum
976 2060 1134 2126 ordinate
1154 2059 1397 2148 complendum
1421 2059 1463 2125 de

317 2183 460 2250 caeteris
479 2185 767 2272 subsequentibus
791 2191 843 2251 est
862 2186 1048 2272 agendum,
1068 2193 1107 2252 ut
1131 2191 1228 2273 patet
1251 2184 1290 2251 in
1319 2184 1461 2273 propria

252 2320 295 2382 lc
317 2310 441 2396 figura,
462 2311 522 2377 ubi
541 2311 578 2377 iu
599 2311 720 2379 circuli
738 2310 913 2378 inferioris
942 2310 1121 2378 elementis
1151 2310 1395 2397 significantur
1425 2311 1462 2375 in

317 2442 423 2519 rect0,
441 2435 480 2501 in
498 2436 677 2505 elementis
697 2436 818 2504 circuli
837 2437 1023 2524 superioris
1042 2438 1080 2503 iu
1096 2436 1256 2523 obliquo,
1276 2437 1331 2502 vel
1351 2458 1462 2502 econ·

317 2567 381 2626 tra.
401 2560 621 2627 Denotantur
640 2561 689 2627 ibi
709 2560 889 2627 duodecim
914 2562 1201 2645 combinationes,
1221 2560 1334 2648 primo
1350 2559 1463 2647 dupli-

318 2685 431 2751 cative
448 2707 510 2773 per
528 2685 708 2751 duodecim
727 2691 858 2754 tractus
876 2686 1046 2754 linearum
1062 2687 1105 2753 ab
1124 2708 1192 2752 uno
1213 2684 1341 2752 circulo
1360 2684 1398 2750 in
1419 2684 1465 2749 al-

319 2817 443 2896 torum,
460 2810 584 2877 deinde
604 2819 743 2877 centum
760 2812 984 2898 quatraginta
997 2819 1163 2897 quatuor,
1183 2811 1265 2899 quia
1279 2818 1465 2898 postquam

252 2937 297 3001 ‘20
320 2937 351 3001 A
370 2935 489 3001 circuli
508 2934 683 3002 inferioris
701 2937 859 3002 iunctum
882 2942 934 3002 est
957 2936 1025 3024 ipsi
1054 2937 1085 3001 A
1112 2935 1232 3002 circuli
1261 2934 1463 3022 superioris,

319 3060 476 3127 dicendo:
497 3061 742 3148 compositio
761 3061 1088 3149 compositionis,
1106 3066 1355 3146 consequenter
1372 3059 1415 3124 ab
1433 3060 1465 3124 A

318 3186 474 3275 procedit
490 3185 649 3252 lineatim
668 3185 711 3252 ad
730 3187 846 3253 omnia
869 3195 1004 3253 caetera
1032 3186 1153 3269 circuli
1184 3186 1370 3273 superioris
1399 3185 1466 3249 ele-

320 3319 450 3394 menta,
470 3311 582 3398 primo
602 3309 646 3377 ad
664 3310 707 3396 B,
724 3309 883 3377 dicendo:
907 3311 1106 3378 resolutio
1132 3309 1467 3398 compositionis,

321 3435 471 3502 secundo
500 3434 544 3501 ad
574 3435 616 3519 0,
642 3434 799 3502 dicendo:
837 3436 1037 3503 resolutio
1075 3436 1320 3520 additionis,
1351 3442 1385 3500 et
1415 3435 1465 3500 ita

254 3560 298 3625 25
320 3563 490 3649 deinceps.
523 3562 591 3626 Par
617 3561 661 3627 de
688 3562 832 3627 caeteris
861 3561 1041 3628 elementis
1074 3568 1126 3626 est
1161 3560 1327 3628 iudicium
1359 3567 1464 3645 atque

320 3687 448 3775 praxis.
467 3686 509 3750 Iu
528 3685 627 3772 praxi
647 3707 727 3751 vero
747 3685 776 3751 si
796 3685 963 3771 quaedam
984 3709 1025 3751 cx
1045 3686 1087 3750 iis
1106 3685 1274 3768 existant,
1296 3707 1382 3770 quae
1408 3707 1465 3749 ne

322 3835 426 3899 queas
440 3834 501 3899 per
518 3819 614 3878 tuam
632 3810 836 3877 industriam
852 3810 1126 3894 adcommodare,
1144 3810 1336 3892 omnrittas,
1353 3833 1464 3895 neque

321 3939 413 4005 enim
433 3937 518 4004 adeo
536 3935 676 4003 solliciti
695 3958 825 4017 sumus,
846 3941 886 4001 ut
904 3936 992 4001 nihil
1012 3936 1158 4002 aliorum
1181 3935 1333 4022 ingeniis
1353 3935 1467 4001 elabo-

1398 4108 1455 4116 -n-

412 4229 429 4277 2
443 4225 639 4289 etimologiam
657 4223 683 4273 P
745 4224 827 4274 cels
843 4221 1035 4289 quadraginta
1054 4222 1077 4271 G
1142 4223 1191 4272 '128
1208 4238 1283 4272 rosc.
1300 4221 1467 4271 diminutio-

324 4308 370 4357 nis
387 4307 412 4354 1²
473 4307 547 4355 8211
566 4306 583 4354 Ι.
606 4303 813 4355 deminutionis
830 4319 843 4352 e
858 4301 1013 4352 aimilmeate
1032 4302 1136 4352 altrooc
1199 4303 1215 4351 9
1232 4302 1407 4352 succedenti]
1426 4300 1464 4350 P:

324 4383 579 4439 succedentium&
626 4385 690 4437 (ΜΟ
706 4383 771 4435 add.
785 4398 841 4434 res.
856 4383 882 4432 P
930 4385 962 4433 12
979 4398 1070 4449 usque
1084 4384 1119 4433 ud
1132 4381 1239 4433 ‘linarii
1253 4382 1279 4430 P
1327 4382 1403 4431 1218
1416 4380 1465 4431 du·

324 4467 477 4534 plicativae
488 4467 514 4516 Ρ
576 4467 608 4518 27
622 4464 739 4516 omittas
754 4462 778 4514 G
