3414 5122
503 427 664 472 Pxnuxnx.
686 427 721 470 IN
743 426 889 470 LAMPAD.
911 425 1133 471 conrssmnron.
1332 411 1384 469 241

244 583 367 668 lingua
385 583 589 669 praepolles,
615 582 712 647 velut
736 582 962 648 immoderata
987 582 1137 664 incuset;
1162 581 1166 669 Ι
1192 582 1273 647 huic
1297 582 1390 647 enim
1418 583 1524 646 633

244 708 308 773 soli
328 707 476 772 iniuriae
499 708 594 772 locus
615 729 688 772 esse
706 713 833 793 potest,
854 707 915 772 ubi
938 707 1110 772 virtutum
1137 707 1313 794 splendori
1340 707 1391 772 nil

244 834 406 921 estquod
425 834 506 899 addi
531 833 650 921 possit.
676 832 766 910 Quid
789 833 910 921 plura?
936 833 1028 900 Satis
1053 841 1172 900 contra
1201 835 1390 903 calumnias

245 960 424 1025 universas
450 960 453 1047 l
480 967 633 1025 armatus
661 965 695 1025 et
719 960 763 1024 ad
787 959 907 1025 laudes
930 983 1048 1026 omnes
1078 960 1183 1046 digne
1214 959 1391 1047 expositus
1415 965 1461 1043 (a
1480 963 1548 1042 4⁹)

200 1088 221 1151 5
246 1085 393 1171 quilibet
414 1107 487 1150 esse
506 1085 650 1171 poterit,
678 1084 707 1150 si
733 1085 870 1172 quando
895 1085 962 1150 tibi
992 1086 1115 1151 similis
1139 1084 1317 1151 efficiatur.
1345 1085 1393 1150 Te

245 1211 369 1298 igitur,
392 1210 616 1298 amplissime,
637 1211 925 1277 excellentissime
951 1211 1206 1297 clarissimeque
1226 1213 1281 1293 D.,
1301 1211 1394 1298 prin·

246 1336 332 1422 cipis
350 1335 450 1401 istius
467 1335 562 1400 acad.
576 1336 705 1402 Rectcr
724 1335 766 1399 D.
779 1335 951 1401 lohannes
966 1336 1135 1422 Zangere,
1156 1336 1196 1401 V.
1216 1336 1244 1400 Ι.
1264 1335 1319 1419 D„
1332 1333 1393 1421 qui

246 1460 511 1527 universitatem
530 1461 634 1527 istam
654 1468 752 1526 tanta
769 1459 946 1527 doctrinae
965 1468 1045 1526 tuae
1064 1460 1269 1553 sufficientia
1288 1461 1394 1526 hono·

244 1607 309 1669 ras,
330 1592 430 1650 tanta
445 1586 619 1671 gravitate
635 1586 736 1671 regis,
754 1591 854 1651 tenta
873 1585 1044 1671 dignitate
1059 1608 1249 1669 conservas,
1264 1585 1392 1671 quique

180 1713 222 1774 10
245 1710 328 1775 adeo
356 1717 538 1797 promptae
565 1710 873 1797 praetulgidaeque
903 1710 1070 1778 orationis
1094 1717 1173 1777 tuae
1204 1710 1392 1797 specimine

245 1835 423 1922 componis
440 1835 614 1901 universa:
635 1842 680 1917 te,
704 1836 858 1921 inquam,
877 1860 955 1902 cum
971 1836 1155 1903 admodum
1174 1835 1303 1902 illustri
1322 1836 1392 1922 (cui

244 1959 432 2047 praesides)
453 1968 592 2044 senatu,
614 1961 794 2026 certiorem
813 1985 885 2027 esse
900 1962 1018 2047 velim,
1036 1985 1090 2028 me
1109 1984 1179 2026 nen
1198 1962 1282 2027 adeo
1302 1962 1391 2028 desi·

245 2108 337 2172 pere,
358 2093 398 2151 ut
418 2087 621 2152 celsitudine
645 2095 849 2175 conspectus
879 2089 984 2154 vestri
1008 2088 1153 2174 dignum
1181 2109 1267 2173 opus
1297 2087 1391 2152 istud

247 2234 411 2296 umquam
428 2212 664 2277 existimarim.
683 2213 850 2290 Quocirca
867 2214 979 2300 ipsum
996 2213 1089 2279 haud
1106 2212 1244 2297 quidem
1260 2234 1299 2277 ec
1316 2234 1393 2277 con·

181 2336 222 2399 15
247 2337 324 2402 silio
342 2339 496 2402 oblatum
524 2337 789 2424 dedicatumque
818 2340 996 2423 creditote,
1018 2361 1085 2424 quo
1108 2339 1207 2406 vobis
1232 2340 1391 2403 evolven-

247 2462 343 2544 dum,
361 2463 544 2548 legendum
561 2463 896 2549 examinandumque
910 2472 1161 2552 praesentetur,
1177 2464 1235 2530 sed
1250 2470 1391 2529 eatenus

246 2598 387 2655 tantum
405 2589 509 2655 titulo
532 2590 801 2677 inspiciendum,
825 2602 1012 2676 quatenus,
1032 2614 1094 2678 pro
1121 2591 1228 2674 virili,
1248 2589 1390 2655 humilis

246 2720 486 2786 observantiae
523 2742 618 2784 meae
653 2719 890 2785 testimonium
924 2719 1172 2805 qualecumque
1200 2718 1390 2807 perhibeat.

248 2846 378 2912 Valete.

341 3125 586 3177 ‘lacedemiaeG
665 3125 819 3190 utriusque
836 3123 912 3191 juris
932 3124 1080 3175 doctorG
1159 3125 1189 3175 14
1210 3139 1337 3191 unquam
1367 3126 1392 3178 G

248 3211 280 3259 1e
295 3211 477 3274 presentetur
489 3207 515 3256 P
578 3206 610 3255 18
626 3205 824 3272 qualecunque
841 3202 865 3254 G

384 4594 458 4634 Bauer
474 4595 528 4641 (ηιμ.
542 4594 581 4630 lat.
599 4590 632 4640 ll,
648 4594 666 4631 2.
