3414 5122
248 3284 291 3346 25

311 410 369 470 124
747 418 888 464 tonnam
910 415 1015 463 snum

310 583 392 650 dum
426 582 569 648 caudam
597 580 700 646 unius
729 577 934 644 intentionis
962 582 1066 659 atque
1095 576 1280 657 conceptus
1308 568 1450 634 alt-erius

310 707 516 774 intentionis
534 714 638 792 atque
654 712 838 791 conceptus
855 708 960 789 caput
974 699 1168 766 statuimus,
1184 694 1283 772 Quod
1302 693 1353 759 ibi
1369 701 1455 779 typo

309 831 569 899 retinendarum
587 828 745 917 signiferi
763 828 917 917 partium
933 823 1189 892 insinuavimus
1211 821 1251 886 .d.

429 1019 500 1078 Dux
516 1018 621 1093 gregis
638 1017 767 1077 armenti
783 1016 913 1093 primum
931 1014 1071 1075 sublatus
1090 1012 1211 1071 inirem

490 1127 527 1186 In
544 1125 743 1203 geminosque
761 1124 856 1202 pedes
871 1124 985 1201 impete
1002 1121 1104 1181 fronte
1122 1119 1205 1179 ferit.

429 1234 551 1295 Vindex
568 1240 669 1293 mente
686 1250 799 1292 vacans
816 1229 886 1290 hinc
904 1230 1047 1289 Taurus
1065 1225 1218 1320 concitus,
1238 1223 1299 1282 ictu

489 1340 584 1400 Irruit
600 1341 631 1399 in
646 1339 760 1399 fratres
777 1337 941 1416 impatiens
958 1334 1142 1396 Geminos.
1238 1372 1240 1376 =

431 1447 600 1509 Germanos
618 1446 744 1506 invenes
762 1443 868 1505 affines
885 1443 1024 1521 protinus
1042 1440 1142 1500 undae

490 1554 671 1631 Excipiunt:
691 1552 829 1612 Cancer
845 1549 949 1610 rosida
966 1556 1055 1628 prata
1072 1547 1162 1625 petit.

430 1661 555 1740 Repens
573 1660 695 1734 obliquo
711 1658 904 1736 lympharum
921 1676 1030 1717 cancer
1045 1656 1184 1715 alumnus

488 1767 599 1827 Villosi
619 1767 736 1826 vultum
752 1766 834 1825 forte
851 1764 986 1824 Leonis
1002 1763 1077 1823 adit.

431 1875 572 1935 Peroitns
589 1874 660 1934 inde
678 1873 741 1933 Leo
759 1873 884 1962 crinitos
899 1873 998 1948 surgit
1015 1873 1045 1932 in
1064 1892 1178 1932 armos:

490 1981 581 2044 Unde
598 2001 715 2058 vagans
730 1980 856 2058 rapidae
872 1980 940 2041 visa
956 1981 1059 2058 puella
1075 1979 1159 2040 ferae
1177 1986 1233 2040 est.

429 2090 518 2150 Hanc
534 2089 629 2167 petit,
646 2088 700 2148 illa
716 2085 811 2165 fugit,
832 2106 908 2165 qnae
925 2108 1033 2162 gressu
1050 2088 1158 2148 insana
1174 2087 1279 2165 fugaci

492 2194 706 2255 Librantem
722 2193 850 2255 incurrit
865 2194 985 2273 persica
1002 2195 1088 2254 lauoe
1106 2195 1217 2254 virum.

431 2303 564 2381 Aestuat
580 2301 639 2361 hio:
661 2301 779 2380 cupidis
797 2321 884 2378 quem
902 2302 973 2361 dum
990 2302 1201 2380 complexibus
1217 2302 1338 2379 haeret,

492 2411 599 2470 Attriti
619 2410 762 2471 Vermis
780 2411 882 2490 cuspis
899 2409 1017 2470 adunca
1032 2408 1114 2470 ferit.

433 2515 614 2576 Formidans
631 2516 725 2577 letum
742 2515 877 2576 medieas
893 2515 964 2575 dum
981 2516 1076 2576 currit
1093 2515 1131 2575 ad
1150 2524 1247 2594 artes,

492 2624 577 2684 Pone
594 2623 854 2700 Sagittiferum
871 2625 966 2684 sentit
982 2624 1092 2685 adesse
1109 2624 1220 2685 virum.

434 2731 492 2804 Qui
510 2732 599 2792 modo
617 2741 757 2811 stuprata
773 2752 862 2808 quam
878 2732 976 2792 credit
993 2733 1147 2810 Virgine
1172 2734 1290 2809 laesus,

495 2838 561 2911 Quo
579 2840 657 2918 petit
674 2840 753 2899 hunc
769 2840 880 2917 iaculo,
897 2841 1038 2900 vulnerat
1052 2859 1123 2901 ecce
1139 2840 1256 2919 Capru
1264 2861 1302 2900 m.

435 2949 479 3009 Ut
493 2949 622 3026 primum
639 2949 789 3010 intrusum
805 2950 919 3010 l'errum
936 2950 1091 3026 persensit
1107 2951 1227 3026 inique,

492 3055 611 3132 Effugit
626 3058 657 3116 in
674 3056 798 3135 rapidas
816 3057 1039 3135 praecipitosus
1057 3058 1194 3133 Aquas.

434 3162 485 3223 Sio
502 3183 594 3242 caper
610 3162 716 3224 infelix
733 3183 752 3223 a
767 3163 890 3240 gurgite
907 3171 1025 3224 tractus
1043 3184 1188 3240 aquarum

493 3270 620 3331 Insueta
634 3271 761 3331 inclusis
778 3271 952 3331 Piscibus
970 3291 1041 3331 esca
1059 3271 1159 3332 datur.

587 3490 694 3542 Arboris,
709 3502 768 3543 quae
782 3495 876 3542 quartus
891 3497 925 3534 cet
939 3493 1039 3546 sigillus,
1055 3494 1187 3544 explicatio.

404 3678 518 3745 Arbor
537 3678 834 3746 adinventionem
852 3680 938 3746 facit
961 3687 1066 3767 atque
1084 3680 1265 3763 iudicium,
1286 3689 1325 3747 ut
1346 3682 1455 3747 mani-

316 3801 443 3869 festum
456 3811 507 3869 est
520 3802 557 3869 in
569 3803 612 3870 iis
623 3826 709 3889 quae
722 3805 760 3870 in
772 3804 860 3873 libro
871 3805 1042 3872 Arboris
1060 3806 1262 3873 scientiae
1274 3807 1460 3893 perhiben-

408 4064 695 4117 ssmtinandarnmP
757 4068 1175 4133 insinuavimua:(om..d.)(3
1239 4070 1463 4137 dprimumlra-

316 4160 381 4209 gem
397 4145 439 4195 Da
454 4145 539 4196 anthr.
558 4143 645 4198 idem.
712 4147 771 4198 'iin
790 4148 927 4198 Geminos
945 4150 1117 4213 impatiente
1133 4150 1239 4201 fratres
1251 4151 1387 4201 Deanrbr.
1405 4151 1459 4202 aa:

318 4230 410 4289 ‘paam
427 4225 559 4277 actionem
575 4243 661 4292 capra
677 4227 745 4287 (aiod
760 4230 804 4279 nal
820 4229 862 4278 De
877 4228 990 4288 cribris)
1009 4229 1084 4280 liaad
1107 4230 1280 4290 mutavimus,
1303 4231 1368 4296 qaia
1389 4232 1462 4282 alias

317 4322 415 4370 qaoque
426 4322 527 4370 param
540 4306 656 4373 difficilia
667 4325 719 4359 aare
736 4309 800 4360 colel
815 4309 911 4359 Noster
927 4307 1001 4359 circa
1014 4310 1185 4374 syllabarum
1203 4312 1377 4376 quantitatem
1389 4319 1395 4340 ³
1413 4331 1462 4363 aar·

316 4385 416 4436 notati
477 4387 726 4454 lOlimpharumP
786 4392 816 4440 12
829 4389 979 4440 harmosP
1036 4391 1224 4456 15persideG
1281 4394 1312 4443 18
1324 4394 1422 4445 laetum
1437 4395 1463 4443 Ρ

315 4465 397 4515 2122
415 4466 644 4532 GaprnrantP
706 4470 737 4520 24
754 4469 864 4521 infaelix
878 4469 917 4521 P:
934 4470 1094 4521 infoelix&
1156 4473 1372 4536 metuont*
