3414 5122
600 425 645 469 ns
665 425 850 469 sanctuarii
873 422 1055 468 scavrrmo.
1336 403 1395 463 333

257 580 354 645 cuius
373 578 579 644 sufficientia
598 578 728 643 ebibita
744 600 869 643 nomen
887 584 990 663 atque
1005 576 1153 662 gloriam
1170 576 1312 664 plurimi
1327 575 1395 641 sibi

257 725 455 790 comparare
474 704 692 784 studuerunt,
713 704 772 788 qui
793 703 942 791 propriis
966 702 1169 788 superhaec
1190 708 1394 767 commenta·

256 831 317 895 riis
336 853 405 896 non
424 839 496 895 tam
515 831 668 896 Lullium
685 830 870 912 declarare,
892 854 993 916 quam
1018 831 1072 894 vel
1095 853 1156 917 per
1176 829 1395 895 adtentatmn

258 957 406 1022 Lullimn
428 978 553 1022 nomen
573 957 751 1044 proprium
771 957 943 1021 illustrare
963 956 1192 1019 elaborarunt
1214 956 1287 1020 lam
1309 956 1391 1041 quid

213 1087 233 1146 ἵ)
258 1082 394 1147 tandem
416 1104 479 1167 ego
507 1106 610 1168 super
629 1083 702 1168 ipso
731 1081 976 1168 praestiterim,
1001 1088 1153 1144 vestrum
1179 1088 1213 1145 et
1233 1081 1405 1164 aliorum,

256 1208 315 1291 qui
342 1208 596 1293 intelligentiae
615 1208 745 1273 lumine
775 1230 844 1273 non
864 1215 945 1272 sunt
975 1207 1101 1287 orbati,
1122 1215 1195 1271 esto
1215 1206 1392 1273 iudicium.

256 1333 326 1397 Sub
346 1333 480 1399 duobus
500 1356 622 1420 nempe
642 1333 734 1398 hisce
754 1333 970 1420 Lampadis
999 1341 1033 1398 et
1058 1331 1262 1397 Scrutinii
1282 1332 1395 1398 titulis

255 1481 295 1524 ea
311 1465 402 1523 certe
417 1459 685 1546 complectimur,
700 1482 786 1545 quae
801 1458 843 1523 ad
862 1466 952 1522 artes
964 1479 1081 1522 omnes
1097 1457 1204 1521 Lullii
1222 1456 1396 1541 inquiren·

256 1584 330 1665 das,
348 1585 627 1671 inteljligendas,
647 1608 710 1650 nec
728 1585 801 1649 sine
819 1584 948 1650 iudicio
968 1582 1220 1670 prosequendas
1240 1583 1394 1648 sufficere
1419 1584 1527 1647 605

194 1719 233 1780 10
256 1709 299 1774 116
319 1709 419 1774 facile
439 1721 597 1797 possunt,
618 1711 677 1795 qui
701 1712 755 1776 vel
775 1709 993 1775 mediocriter
1024 1709 1061 1772 in
1080 1708 1395 1793 significationibus

255 1835 482 1900 terminorum
521 1835 675 1922 vulgaris
714 1835 966 1921 philosophiae
999 1833 1130 1898 fuerint
1154 1833 1292 1898 versati.
1327 1834 1518 1898 Η16914ιΡ

255 1984 404 2046 namque
424 1962 558 2046 integre
589 1960 793 2048 expressisse
824 1961 996 2041 ridemur,
1024 1960 1192 2045 quidquid
1221 1969 1397 2047 praestan·

256 2087 408 2152 tissimus
425 2087 548 2152 author
565 2087 629 2152 iste
649 2088 685 2151 in
704 2088 822 2152 multis
842 2087 1082 2173 complectitur
1100 2086 1248 2167 artibus,
1267 2087 1302 2150 in
1320 2086 1396 2172 qui-

254 2212 319 2277 bus
351 2213 442 2278 idem
470 2213 667 2293 inventum,
698 2235 789 2305 nune
820 2235 880 2298 per
910 2235 1028 2292 uuam,
1058 2220 1097 2276 ut
1121 2212 1194 2297 ipse
1223 2211 1394 2296 loquitur,

192 2344 232 2406 15
255 2337 364 2420 viam,
392 2360 485 2402 nunc
511 2361 572 2424 per
602 2338 706 2402 aliam
736 2337 862 2402 nititur
886 2337 1035 2423 aperire3
1062 2337 1097 2400 in
1127 2337 1229 2403 istam
1263 2337 1391 2424 quippe

255 2463 495 2550 compendimn
516 2465 725 2529 contraxisse
745 2462 927 2545 credimur,
948 2461 1112 2547 quicquid
1128 2462 1218 2527 idem
1235 2462 1393 2549 pluribus

254 2590 296 2655 ad
313 2590 452 2655 divinae
472 2590 740 2656 combinatoriae
759 2590 843 2655 artis
864 2589 1152 2676 complementum
1169 2590 1339 2675 insinuat,
1357 2591 1394 2655 in

255 2717 428 2781 Artibus
456 2716 585 2799 brevi,
613 2739 769 2801 magna,
795 2715 1022 2799 inventiva,
1049 2715 1394 2799 demonstrativa,

255 2842 467 2907 mixtionis
500 2841 814 2929 principiorum,
840 2840 1018 2906 Auditus
1049 2841 1302 2924 cabalistici,
1328 2842 1396 2906 Ar·

187 2976 231 3037 20
253 2968 364 3033 boris
395 2967 596 3032 scientiae
629 2974 663 3031 et
694 2967 786 3049 aliis,
811 2966 839 3030 si
865 2989 952 3050 {puae
976 2966 1062 3031 aliae
1086 2973 1138 3048 (ut
1162 2975 1253 3031 certe
1277 2975 1394 3032 extare

254 3093 392 3176 dehent)
424 3102 544 3157 extant
574 3093 725 3157 eiusdem
750 3092 945 3177 argumenti
974 3092 1152 3178 plurimae.
1176 3092 1241 3158 His
1271 3092 1395 3158 addam

253 3218 385 3302 aliquid
406 3219 584 3304 permagni
604 3218 782 3299 momenti,
803 3218 894 3302 quod
913 3216 976 3281 snb
997 3216 1181 3302 praedietis
1201 3218 1396 3306 inscriptio·

255 3343 357 3408 nibus
376 3344 554 3409 Auditus
588 3342 822 3408 cabalistici
852 3352 886 3406 et
915 3342 1205 3429 Septemplicis
1234 3345 1395 3410 arboris

254 3467 392 3533 divinus
424 3469 565 3534 viriste
594 3469 743 3534 occuluit
772 3478 807 3533 et
835 3468 1047 3554 obsignavit,
1080 3491 1167 3552 quae
1195 3471 1393 3555 propediem

187 3603 230 3665 ⁶25
254 3595 403 3677 (volente
433 3594 518 3677 Deo)
547 3595 610 3659 sub
642 3594 745 3659 titulo
770 3592 987 3680 Lampadis
1017 3592 1284 3661 cabalisticae
1313 3596 1393 3662 huic

254 3726 421 3804 cognatae
446 3720 512 3783 arti
537 3719 788 3784 subnectendae
812 3719 849 3783 in
874 3720 984 3784 lucem
1007 3718 1209 3806 producam,
1230 3744 1298 3807 quo
1328 3722 1405 3811 sub,

254 3844 373 3910 collem
394 3845 644 3910 illustrissimae
669 3844 900 3910 Excellentiae
919 3851 999 3910 tuae
1023 3846 1194 3932 praesidio
1218 3855 1322 3931 atque
1347 3848 1396 3913 fa-

254 3992 334 4034 vore
359 3977 486 4054 ‹preant
511 3969 681 4034 tutissime
705 3970 899 4037 consistere.
922 3972 926 4058 1
947 3971 1108 4058 Accipiat
1132 3971 1271 4037 interim
1295 3997 1314 4038 a
1340 3998 1394 4039 me
1419 3990 1450 4037 a
1464 3976 1518 4036 4'

266 4206 398 4213 -——-
426 4206 514 4212 -η-

346 4336 361 4381 3
378 4340 552 4385 attentatum
565 4335 615 4384 AG
681 4336 710 4384 12
723 4334 862 4400 quidquid
877 4336 915 4384 P:
930 4334 1067 4401 quicquid
1081 4334 1133 4382 AG
1201 4336 1231 4383 13
1243 4341 1327 4386 antor
1340 4335 1392 4384 AG

256 4418 284 4466 12]
301 4417 329 4466 in
345 4417 428 4466 istam
439 4416 479 4465 1’:
493 4414 590 4466 lnhoe
599 4416 741 4465 eruendam
750 4415 864 4464 ,ma-aq
926 4417 957 4464 22
974 4416 1128 4479 praedictis
1143 4416 1206 4464 alu:
1223 4416 1360 4481 predictis
1370 4418 1394 4466 l’

253 4496 411 4547 2566161116
426 4495 486 4544 Deo
499 4495 537 4544 P:
551 4512 599 4546 66.
613 4495 728 4544 rra-10¹
