3414 5122
246 381 286 437 44
685 391 824 435 rounam
846 389 948 434 imvm

245 547 544 635 correspondeant.
565 546 777 623 Quibusdam
796 568 877 609 vero
897 544 1124 621 Christicolis
1145 566 1292 631 quorum
1312 544 1386 630 qui·

246 675 326 740 dam
355 673 469 738 minus
497 671 669 737 Platonici
693 695 711 736 e
735 671 915 737 Platonica
943 671 1059 736 schola
1082 669 1299 757 prodierunt,
1320 679 1389 735 tres

246 809 367 866 extant
384 798 609 879 hierarchiae,
630 820 776 884 quarum
799 797 957 882 singulae
977 797 1014 861 in
1033 803 1103 862 tres
1123 796 1207 861 satis
1227 797 1388 883 vulgatos

245 926 505 993 distribuuntur
523 923 674 1005 ordineS,
693 934 864 1008 quatenus
879 923 992 1008 primo
1010 922 1163 988 ternario
1182 930 1236 987 ter
1254 922 1387 988 trinum

200 1055 222 1116 ἶ)
245 1051 372 1133 adstet,
395 1049 542 1137 plaudat
559 1049 802 1132 ministretque
821 1048 1022 1112 ternarium.

334 1176 434 1254 Quod
452 1175 497 1240 ad
515 1174 703 1240 secundum
722 1173 864 1256 attinet,
884 1197 904 1239 a
920 1174 1048 1239 nostris
1066 1172 1237 1259 theologis
1253 1194 1389 1259 compa

243 1313 366 1369 rantur
393 1301 437 1366 ad
465 1321 625 1387 corpora,
654 1299 779 1385 quibus
806 1299 993 1379 uniantur,
1024 1321 1113 1383 quae
1140 1297 1325 1363 adsumant
1352 1306 1388 1361 et

244 1428 370 1514 quibus
389 1427 582 1512 adsumptis
601 1430 782 1489 exerceant
800 1425 896 1489 velut
909 1446 1012 1511 opera
1032 1424 1139 1504 vitae,
1159 1423 1241 1488 etin
1260 1423 1388 1508 quibus

242 1553 420 1619 definitive
437 1553 606 1618 locantur.
626 1551 715 1616 Item
735 1550 995 1615 considerautur
1019 1557 1189 1634 quantum
1208 1549 1252 1614 ad
1271 1572 1388 1615 eorum

178 1677 221 1740 10
243 1678 462 1764 intelligendi
487 1686 521 1742 et
550 1675 737 1763 appetendi
763 1676 916 1755 modum,
939 1676 974 1739 in
998 1675 1124 1759 quibus
1152 1675 1313 1740 omnibus
1332 1698 1390 1740 ex-

242 1804 399 1869 tenditur
417 1803 611 1869 subiectum
635 1802 742 1888 Cper
761 1802 875 1866 omnia
907 1801 1146 1867 deducendum
1177 1800 1386 1888 praedicata.

242 1929 453 1994 Extenditur
475 1950 612 2014 quoque
639 1950 801 2014 praesens
828 1927 1020 1992 subiectum
1045 1948 1105 2012 per
1133 1926 1327 2012 sequentia,
1348 1926 1385 1991 in

242 2055 368 2140 quibus
387 2053 491 2119 habet
510 2053 704 2140 imperium.

670 2351 704 2389 De
718 2351 786 2390 tertio
801 2351 910 2390 subiecto.
926 2351 955 2389 D.

178 2553 220 2616 15
331 2560 486 2626 Tertium
505 2559 712 2641 subiectum,
733 2561 823 2644 quod
842 2568 894 2626 est
913 2560 1068 2641 Caelum,
1088 2559 1201 2647 primo
1225 2559 1382 2626 extendit

243 2700 279 2752 et
297 2685 506 2774 multiplicat
525 2685 834 2751 considerationem
854 2696 958 2772 atque
981 2695 1167 2773 conceptus
1186 2710 1291 2773 penes
1310 2687 1383 2752 eius

243 2822 403 2880 naturam
431 2824 465 2878 et
493 2814 736 2896 substantiam,
757 2812 799 2877 de
829 2835 897 2898 qua
917 2815 1026 2879 multa
1054 2813 1158 2898 fingit
1176 2813 1384 2880 Aristoteles

243 2949 278 3004 et
296 2940 449 3025 vulgaris
468 2937 704 3025 philosophia,
726 2937 875 3003 secimdo
890 2961 994 3024 penes
1013 2939 1087 3004 eius
1106 2939 1384 3026 magnitudinem

243 3074 279 3129 et
296 3065 449 3151 partium
476 3064 586 3150 ipsius
605 3063 742 3130 molem.
762 3085 943 3128 numerum
962 3070 997 3128 et
1016 3064 1145 3151 species
1164 3077 1199 3129 et
1225 3066 1385 3146 nomina,

177 3184 222 3246 ‘20
244 3190 285 3254 de
305 3190 430 3274 quibus
459 3196 508 3254 est
536 3188 793 3274 cosmographia
824 3189 861 3254 in
885 3213 1025 3274 genere,
1046 3191 1148 3255 tertio
1176 3213 1282 3277 penes
1310 3192 1384 3256 eius

244 3326 371 3395 motus,
390 3315 577 3394 discursus,
598 3324 768 3400 tempora.
789 3316 1019 3381 successiones
1042 3324 1077 3380 et
1100 3316 1193 3402 leges
1213 3316 1250 3381 in
1270 3317 1386 3402 exegi-

244 3439 376 3504 tatione
408 3439 560 3525 partium
579 3440 701 3526 ipsius,
726 3440 768 3504 de
797 3440 924 3524 quibus
955 3452 1006 3506 est
1035 3441 1169 3508 theoria
1202 3441 1385 3527 quaedam,

243 3587 351 3650 quam
370 3564 535 3651 peculiari
554 3565 721 3630 vocabulo
740 3567 987 3631 astronomiam
1007 3567 1198 3654 appellant,
1216 3567 1263 3632 ad
1281 3592 1386 3654 quam

243 3689 349 3755 etiam
368 3701 522 3776 spectare
551 3689 713 3755 ridentur
735 3714 793 3767 ea,
813 3714 900 3777 quae
920 3700 1001 3757 suut
1026 3692 1071 3757 ad
1089 3692 1241 3759 eiusdem
1269 3694 1387 3780 cogni·

177 3820 222 3883 25
245 3815 376 3881 tionem
405 3814 593 3901 isagogica,
614 3817 766 3902 partium
797 3817 869 3882 eius
890 3822 895 3904 l
916 3817 1058 3901 figurae,
1080 3827 1120 3884 ut
1139 3819 1251 3899 orbes,
1267 3820 1386 3907 sphae·
1409 3832 1518 3896 268

244 3965 315 4009 rae.
335 3940 603 4027 hemisphaeria,
621 3942 844 4026 quadrantes,
876 3943 1029 4023 climata,
1049 3967 1169 4030 zonae,
1199 3946 1383 4033 imagines,

244 4067 359 4154 signa,
376 4078 482 4148 astra,
502 4067 637 4150 stellae,
655 4091 717 4132 nec
734 4090 805 4133 non
818 4070 972 4155 partium
991 4070 1141 4154 termini,
1160 4072 1293 4158 puncti,
1312 4095 1388 4139 cen·

337 4279 354 4327 3
377 4279 530 4342 hyerehiae
553 4279 578 4327 P
645 4282 662 4329 9
686 4281 819 4330 locentur
841 4298 967 4347 correyyc
989 4283 1013 4333 G
1082 4283 1113 4332 12
1136 4284 1341 4350 persequentia
1361 4283 1388 4332 P

246 4361 277 4407 15
292 4361 403 4410 eoelum
423 4359 446 4408 G
525 4362 555 4409 17
573 4361 663 4410 Arist.
680 4361 706 4408 P
783 4363 815 4411 ‘25
831 4377 988 4428 ysagogica
1004 4362 1029 4411 P
1108 4365 1140 4413 26
1156 4366 1346 4432 emisphaeris
1362 4363 1388 4413 P

246 4441 361 4490 climate
374 4456 462 4490 zonae
474 4441 498 4490 P
510 4457 523 4488 e
533 4443 564 4491 27
576 4445 691 4492 termini
704 4445 806 4508 puncti
822 4441 874 4494 PG
