3414 5122
783 393 923 441 lonoani
943 395 1044 441 suvnl

400 681 463 749 DE
496 682 587 752 VSV
620 684 826 751 TERTIAE
859 686 918 752 ET
952 685 1177 764 QVARTAE
1210 683 1425 752 FIGVRAE
1504 688 1616 770 σθ’

598 813 657 880 ΕΤ
691 814 912 880 TABVLAE
945 814 1225 911 GENERALIS.

429 1057 569 1144 Triplex
588 1079 665 1122 eum
690 1058 736 1122 sit
758 1057 956 1125 intellectus
980 1058 1149 1147 operatio,
1174 1057 1274 1124 utin
1298 1055 1483 1143 superiori·

340 1182 405 1247 bus
427 1181 741 1266 manifestavimus,
767 1183 804 1249 in
828 1184 988 1250 omnibus
1012 1184 1186 1270 contingit
1211 1180 1485 1269 complexionem

296 1312 317 1374 ὃ
340 1307 565 1373 terminorum
585 1332 770 1374 assumere:
791 1309 828 1374 in
848 1311 960 1397 prima
985 1309 1124 1395 quidem
1149 1307 1358 1389 definienda,
1379 1305 1416 1371 in
1436 1328 1487 1371 se-

341 1434 452 1499 cunda
472 1435 694 1520 verificandO,
709 1436 746 1501 in
759 1437 862 1502 tertia
882 1435 1166 1522 argumentando.
1184 1434 1388 1519 Definimus,
1407 1455 1487 1499 oum

341 1562 487 1629 dicimus
507 1564 637 1630 animal
655 1565 825 1631 rationale
845 1566 1001 1647 mortale,
1023 1565 1083 1650 qui
1103 1563 1244 1629 termini
1258 1568 1340 1628 sunt
1355 1559 1488 1646 signifi-

343 1689 411 1752 eati
431 1711 493 1776 per
516 1689 589 1754 EG.
613 1689 855 1776 Verificamus,
882 1715 961 1757 eum
985 1690 1130 1756 dicimus
1154 1687 1255 1754 horno
1279 1694 1331 1752 est
1355 1685 1488 1752 animal

343 1814 512 1880 rationale
538 1817 700 1901 mortale,
727 1816 786 1901 qui
811 1817 952 1883 termini
977 1824 1057 1883 sunt
1081 1813 1269 1901 significati
1293 1812 1400 1878 etiam
1424 1832 1487 1897 per

279 1942 321 2005 10
343 1939 416 2005 Fa.
438 1941 746 2028 Argumentamur,
767 1965 844 2008 oum
868 1942 1014 2008 dicimus
1031 1963 1132 2007 omne
1148 1948 1248 2005 utens
1267 1937 1402 2003 ratione
1427 1956 1488 2000 seu

342 2067 626 2134 ratiocinativum
656 2076 708 2133 est
738 2070 867 2134 animal
895 2069 1079 2152 rationale,
1109 2066 1210 2132 homo
1238 2072 1290 2130 est
1314 2062 1487 2149 quoddam

343 2195 645 2278 ratiocinativum,
677 2220 759 2282 ergo
794 2204 846 2261 est
876 2197 1003 2261 aninml
1032 2196 1218 2276 rationale3
1255 2191 1313 2277 qui
1344 2187 1486 2255 termini

344 2327 425 2385 sunt
460 2319 646 2406 significati
677 2325 681 2404 Ι
712 2345 774 2409 per
800 2320 911 2404 EFG,
947 2321 1006 2387 ubi
1042 2321 1069 2384 F
1102 2319 1276 2406 significat
1312 2314 1484 2398 medium,
1512 2325 1635 2390 696

344 2447 597 2532 propterquod
620 2447 857 2534 praedicatum
881 2448 1008 2536 ipsum,
1029 2445 1120 2533 quod
1144 2453 1195 2511 est
1220 2442 1390 2525 definitio,
1410 2462 1488 2506 oon-

279 2573 320 2636 15
343 2571 441 2638 venit
460 2571 527 2658 ipsi
547 2574 702 2640 subiecto
722 2597 781 2640 seu
800 2573 942 2639 definito
962 2596 1021 2638 seu
1040 2570 1219 2638 definibili.

433 2702 499 2765 Per
519 2702 657 2766 tertiam
677 2725 760 2789 ergo
779 2702 927 2789 figuram
946 2701 1112 2766 habemus
1128 2697 1346 2765 definitiones
1363 2701 1397 2760 et
1413 2716 1488 2780 pro·

344 2826 545 2913 positiones,
566 2851 653 2914 (puae
669 2831 790 2896 ambae
810 2836 970 2895 constant
993 2851 1035 2893 ex
1058 2826 1191 2893 duobus
1215 2823 1388 2904 torminis;
1408 2820 1489 2885 defi-

344 2953 433 3020 nitio
457 2954 549 3020 enim
573 2957 743 3022 conflatur
770 2980 811 3021 ex
836 2979 960 3042 genere
991 2963 1025 3019 et
1055 2951 1266 3034 differentia,
1296 2945 1488 3036 propositio

344 3100 425 3142 vero
445 3102 486 3143 ex
505 3080 660 3147 subiecto
680 3089 714 3146 et
733 3082 942 3169 praedicato.

278 3209 322 3270 ‘20
433 3208 499 3272 Per
519 3216 676 3293 quartam
693 3233 773 3276 vero
792 3210 939 3297 figuram
954 3206 1127 3293 contingit
1144 3215 1218 3270 tum
1235 3202 1393 3283 definire,
1408 3221 1486 3264 oum

345 3334 512 3399 sumimus
529 3359 639 3420 genus
658 3359 734 3401 oum
754 3336 929 3422 pluribus.
947 3332 1164 3415 differentiis,
1184 3339 1223 3396 ut
1243 3353 1322 3395 oum
1341 3327 1487 3392 dicimus
1513 3342 1544 3406 9
1562 3328 1621 3391 '7'

346 3461 475 3527 animal
497 3463 666 3528 rationale
691 3464 843 3528 mortale.
869 3462 1052 3548 Contingit
1080 3461 1185 3525 etiam
1209 3457 1387 3523 verificare
1410 3476 1488 3519 eum

346 3588 457 3653 tribus
477 3589 531 3655 vel
551 3590 707 3676 pluribus
724 3590 894 3674 terminis,
916 3600 954 3653 ut
970 3611 1047 3654 cum
1068 3587 1214 3652 dicimus
1235 3588 1328 3650 Deus
1348 3590 1400 3648 est
1419 3604 1489 3647 ma-

345 3737 435 3800 gnus
457 3717 614 3801 potentia
638 3725 672 3782 et
695 3716 876 3802 sapientia.
900 3714 1083 3800 Contingit
1106 3713 1212 3778 etiam
1236 3710 1486 3790 demonstrare,

280 3838 324 3901 25
348 3864 425 3906 oum
454 3842 544 3907 iuter
575 3844 768 3909 subiectum
792 3850 826 3907 et
849 3842 1102 3929 praedicatum,
1121 3846 1241 3926 utpote
1266 3839 1357 3902 inter
1381 3857 1488 3899 unum

347 3969 532 4036 terminum
566 3971 800 4058 significatum
832 3993 894 4058 per
924 3970 1088 4035 oiroulurn
1119 3967 1332 4054 superiorem
1364 3963 1489 4029 tertiae

347 4099 492 4185 figurae,
506 4107 540 4164 et
557 4099 723 4165 circulum
739 4098 937 4164 inferiorem
954 4097 1119 4180 eiusdem,
1133 4095 1338 4161 assumimus
1353 4092 1489 4158 diversa

350 4285 479 4295 ..--—

426 4376 441 4424 3
456 4389 634 4440 prepouqoao
647 4373 819 4433 <Mammam
834 4373 895 4430 III>
909 4371 1023 4422 Aio-³0
1086 4374 1110 4422 8.
1123 4370 1153 4420 10
1170 4370 1358 4422 Verifioamus
1368 4365 1489 4416 -atiam

349 4471 399 4523 por
413 4456 461 4506 FG
475 4472 523 4505 oar.
541 4457 564 4506 G
