3414 5122
579 403 622 446 DE
644 401 828 445 svuomnvu
851 399 1035 444 scuvrlnlo.

630 751 685 801 Cap.
702 752 744 792 111.
760 751 795 791 Dc
810 752 884 801 prium
898 749 978 799 figura.

322 1021 453 1108 Figura
488 1022 617 1109 prima,
652 1043 740 1106 quae
770 1021 802 1086 A
828 1020 998 1085 elemento
1029 1027 1188 1104 notatur,
1220 1021 1379 1087 absoluta

233 1147 475 1235 complectitur
493 1146 707 1233 praedicata,
728 1168 815 1232 qua-e
830 1145 870 1210 de
891 1145 1045 1211 subiecto
1063 1168 1269 1230 quocunque
1288 1145 1378 1210 affir-

232 1280 326 1338 mata
344 1275 399 1338 vel
418 1278 545 1358 negata
570 1270 779 1356 quiditative
799 1271 853 1335 vel
873 1271 1145 1352 denominative,
1164 1272 1200 1335 in
1217 1278 1376 1336 concreto

188 1396 209 1458 5
232 1398 286 1463 vel
315 1397 353 1462 in
383 1398 569 1481 abstracta
600 1396 874 1463 convertibiliter
903 1395 958 1462 vel
986 1395 1313 1478 inconvertibiliter,
1339 1395 1376 1459 in

232 1531 325 1589 recto
344 1523 400 1588 vel
418 1521 455 1587 in
475 1522 615 1608 obliquo
643 1522 883 1588 enuncientur.
902 1522 1021 1608 Ipsum
1040 1528 1182 1587 notatur
1209 1521 1246 1585 in
1266 1520 1377 1606 figura

232 1672 293 1735 per
321 1649 431 1714 lineas
459 1673 479 1714 a
507 1649 647 1736 punctis
666 1647 966 1714 circumferentiae
986 1647 1201 1735 singulorum
1232 1649 1378 1714 elemen-

232 1783 346 1840 torum
374 1775 419 1840 ad
447 1775 579 1857 omnia;
605 1775 697 1860 quod
726 1774 885 1839 videlicet
910 1774 994 1839 haec
1017 1797 1088 1840 non
1111 1774 1212 1839 modo
1231 1773 1273 1840 de
1298 1774 1377 1840 aliis

233 1901 392 1966 omnibus
411 1909 508 1966 extra
527 1900 688 1987 figuram,
709 1899 891 1965 sedetiam
917 1899 1054 1986 singula
1073 1899 1115 1964 de
1135 1899 1278 1965 caeteris
1302 1901 1377 1964 uni-

168 2030 211 2094 10
232 2028 339 2093 versis
363 2026 530 2113 infigura
550 2025 748 2092 constitutis
766 2025 1020 2113 praedicantur.

619 2365 674 2414 cap.
691 2364 729 2403 IV.
747 2365 780 2404 Do
794 2365 894 2404 iocunda
909 2365 987 2415 figura.

324 2629 480 2695 Secunda
493 2630 603 2715 figura
615 2653 677 2716 per
689 2629 716 2694 Τ
729 2631 937 2696 elementum
954 2638 1108 2714 notatur,
1122 2638 1243 2719 utpote
1264 2637 1269 2720 Ι
1290 2655 1378 2717 (luae
1402 2639 1510 2700 608

234 2778 276 2820 ex
294 2756 401 2821 trium
422 2756 704 2842 complicatorum
723 2755 977 2842 triangulorum
996 2757 1116 2823 ordine
1137 2757 1315 2839 conflatur,
1335 2758 1378 2824 ad

235 2904 381 2968 quorum
406 2883 612 2967 angulorum
635 2882 801 2948 terminos
824 2883 964 2948 termini
983 2906 1101 2949 omnes
1120 2884 1258 2950 relativi
1284 2883 1378 2952 velut

170 3010 212 3074 15
236 3010 280 3075 ad
298 3011 439 3099 propria
467 3011 582 3098 capita
611 3010 820 3093 referuntur,
841 3033 945 3097 quam
964 3034 1046 3077 sane
1070 3012 1275 3079 relationem
1301 3034 1379 3078 con·

236 3137 397 3224 templari
413 3159 604 3224 possumus,

848 3427 855 3491 j
880 3408 1139 3495 principiativo.

845 3575 857 3729 p
881 3530 1129 3618 principiabili.

854 3738 855 3743 ἵ
881 3655 1125 3742 principiante.

852 3789 854 3793 ’
881 3780 1100 3868 principiare.

881 3905 1101 3993 principiale.

848 4036 857 4109 '¹1
881 4033 1132 4120 principiando.

332 4386 349 4435 4
365 4384 555 4450 quidditntiva
571 4384 595 4436 G
658 4386 674 4435 5
691 4385 736 4434 vel
753 4385 784 4434 in
797 4384 926 4434 obatrato
951 4381 1008 4448 (sic)
1033 4381 1068 4431 P:
1093 4381 1138 4430 vel
1158 4381 1303 4431 abstracto
1318 4383 1378 4444 (om.

240 4467 283 4528 in)
297 4466 411 4518 Art-³6

373 4565 450 4604 Barna
467 4563 521 4614 Opp.
535 4565 575 4603 lat.
591 4562 625 4613 ΙΙ,
641 4565 661 4602 2.
1195 4555 1222 4596 4³
