3414 5122
320 382 359 439 52
761 395 900 439 rounam
922 394 1022 440 aavrn

318 552 472 637 quaesit
501 575 539 616 ea
570 550 793 616 differentia'.
815 550 971 616 Secundo
998 574 1060 637 per
1087 558 1157 616 tres
1181 551 1360 636 terminos,
1382 574 1460 617 curn

317 675 458 742 dicitur:
488 675 704 741 ‘differentia
727 698 853 762 magna
883 676 1065 760 bonitati3‚
1097 676 1345 743 concordantia
1368 677 1461 743 bona

316 800 513 867 divinitatis
526 801 543 866 ⁷.
564 801 680 866 Tertio
700 824 761 888 per
781 808 944 886 quattuor
963 801 1142 867 terminos:
1163 802 1302 868 'utrum
1321 802 1367 868 sit
1391 825 1460 868 ma-

315 949 386 1012 gna
403 926 542 992 bonitas
566 926 645 1010 Dei,
667 926 750 1011 quid
774 926 819 992 sit
842 949 969 1012 magna
992 927 1129 992 bonitas
1153 927 1270 1013 angeli
1282 926 1299 990 ³.
1326 927 1458 1004 Quarto

272 1047 292 1110 5
315 1074 377 1138 per
396 1051 549 1138 quinque
569 1051 747 1116 terminos:
767 1050 903 1117 'utrum
928 1051 974 1115 sit
996 1072 1124 1137 magna
1144 1051 1282 1117 bonitas
1302 1052 1457 1118 iustitiae

314 1177 450 1264 angeli?
469 1177 552 1262 quid
575 1184 627 1242 est
651 1178 813 1261 angelum
829 1199 900 1240 osse
916 1176 1046 1241 iustum
1064 1177 1099 1241 in
1117 1199 1243 1263 magna
1258 1177 1457 1243 bonitate'?'

315 1302 445 1380 Quinto
468 1324 529 1389 per
549 1323 608 1367 sex
631 1302 812 1367 terminos:
841 1300 944 1386 ‘quid
973 1308 1024 1367 est
1055 1301 1171 1386 angeli
1195 1301 1367 1368 iustitiam
1385 1325 1457 1368 csse

313 1428 351 1493 in
380 1450 509 1514 magna
536 1428 692 1494 bonitate
723 1424 1011 1504 concordanltcl'
1032 1426 1136 1492 Sexto
1155 1450 1218 1514 per
1241 1435 1372 1514 septem
1392 1434 1457 1493 ter·
1482 1436 1570 1499 34r

313 1555 437 1621 minos:
468 1553 572 1640 *quid
603 1560 655 1620 est
685 1553 800 1640 angeli
833 1553 1004 1618 iustitiam
1034 1575 1103 1618 non
1130 1556 1134 1639 Ι
1159 1576 1231 1620 esse
1261 1554 1298 1619 in
1331 1576 1458 1640 magna
1482 1562 1591 1627 2‘74

249 1681 291 1744 10
313 1679 468 1746 bonitate
510 1679 738 1746 concordante
773 1701 850 1744 cum
881 1678 1037 1743 bonitate
1066 1677 1172 1743 Dei?'
1209 1678 1366 1767 Septimo
1394 1702 1457 1767 per

313 1812 389 1871 octo
419 1806 584 1871 terminos
608 1804 665 1869 vel
684 1805 813 1891 plures,
833 1803 991 1871 dicendo:
1017 1804 1124 1889 'quid
1143 1805 1302 1891 angelica
1321 1805 1457 1870 iustitia

312 1931 350 1995 in
373 1952 501 2016 magna
531 1929 727 1995 differentia
757 1953 835 1995 cum
858 1929 1016 1995 bonitate
1039 1929 1119 2012 Dei,
1148 1937 1183 1994 et
1210 1929 1456 1996 concordantia

313 2078 390 2121 cum
409 2055 566 2122 bonitate
593 2054 784 2121 hominist*
817 2054 884 2133 Qui
912 2055 1017 2139 modi,
1038 2055 1228 2141 permultas
1256 2055 1455 2142 recipiendo

312 2179 515 2246 inflexiones
542 2189 576 2245 et
594 2180 817 2268 praedicandi
845 2179 963 2246 modos
993 2202 1055 2267 par
1078 2181 1291 2246 abstractum
1316 2187 1351 2245 ct
1375 2203 1454 2248 con-

247 2302 288 2366 15
313 2311 456 2389 cretum,
476 2306 655 2391 obliquum
681 2315 714 2371 et
733 2313 878 2387 rectum,
911 2327 995 2392 quos
1015 2305 1142 2370 referre
1165 2307 1310 2392 longum
1330 2312 1364 2373 et
1383 2313 1454 2372 tae-

311 2431 446 2496 diosum
476 2438 527 2496 est
557 2431 650 2514 (licet
680 2453 843 2516 umquam
872 2431 959 2495 bane
990 2431 1222 2497 consideranti
1250 2454 1321 2498 non
1344 2433 1454 2520 possit

311 2582 384 2626 esse
402 2565 557 2644 vanum),
579 2560 616 2624 in
635 2558 854 2624 innumerum
873 2558 991 2623 valent
1010 2559 1246 2647 multiplicari.

400 2685 472 2751 Neo
491 2684 836 2774 praetermittendum
856 2705 976 2750 censeo
996 2684 1188 2771 simplicem
1206 2684 1347 2751 modum
1366 2686 1452 2750 mul-

310 2811 549 2898 tiplicationis,
580 2833 681 2897 quem
711 2809 847 2875 Lulliua
876 2809 1000 2875 tertiae
1031 2810 1161 2896 figurae
1192 2810 1452 2876 evacuationem

243 2936 287 2999 20
311 2938 471 3025 appellat,
484 2938 520 3002 in
535 2960 668 3004 camera
685 2937 741 3002 Bo
760 2936 833 3002 eius
848 2937 1083 3003 evacuationis
1099 2936 1240 3003 modum
1252 2937 1449 3020 osteudens;

308 3064 420 3152 primo
442 3066 491 3130 la.
511 3064 765 3151 propositiones
784 3062 1020 3150 perordinem
1044 3064 1258 3130 constituens
1274 3064 1346 3130 Bc:
1371 3062 1449 3130 ‘bo-

308 3192 400 3277 nitas
420 3199 471 3258 est
491 3215 632 3279 magna,
652 3190 791 3258 bonitas
810 3195 861 3256 est
881 3189 1055 3275 differens,
1075 3191 1213 3257 bonitas
1237 3198 1290 3257 est
1313 3210 1453 3255 concor·

308 3318 407 3402 dans,
432 3317 636 3404 magnitudo
667 3323 718 3382 est
747 3317 853 3398 bona,
874 3315 1078 3402 magnitudo
1103 3323 1154 3381 est
1177 3314 1355 3397 differens,
1381 3337 1451 3379 ma-

307 3442 454 3529 gnitudo
479 3451 530 3509 est
559 3443 786 3526 concordans,
812 3440 1008 3506 differentia
1036 3447 1087 3507 est
1113 3442 1221 3523 bona,
1251 3440 1449 3507 differentia

240 3574 284 3638 25
307 3575 359 3634 cst
389 3591 528 3654 magna,
559 3568 755 3634 differentia
783 3575 835 3633 est
863 3567 1093 3652 concordana,
1122 3567 1367 3633 concordantia
1398 3574 1450 3631 est

307 3693 414 3778 bona,
446 3695 690 3760 concordantia
724 3702 776 3759 est
809 3716 950 3780 magna,
988 3692 1233 3759 concordantia
1266 3699 1318 3758 est
1354 3689 1450 3756 diffe-

307 3820 421 3903 rens⁷;
449 3820 453 3907 Ι
479 3819 627 3886 secundo
650 3820 703 3884 24.
729 3819 946 3905 quaestiones
964 3840 1026 3905 per
1060 3818 1216 3885 ordinem
1245 3817 1446 3883 deducendo
1472 3824 1562 3887 34v

306 3947 391 4013 istas
411 3945 665 4033 propositiones
689 3967 750 4031 per
781 3945 908 4011 Utrum
938 3951 972 4009 et
1004 3942 1113 4021 Quid:
1132 3943 1272 4010 ‘utrum
1306 3942 1444 4008 bonitas

306 4079 358 4138 est
374 4092 513 4157 magna,
535 4069 618 4156 quid
636 4077 688 4135 est
705 4069 842 4135 bonitas
862 4067 1022 4156 magna,
1036 4075 1070 4133 et
1086 4069 1136 4134 ita
1160 4068 1202 4134 de
1223 4067 1319 4151 aliis;
1342 4066 1447 4135 tertio

398 4378 555 4444 Squetuor
579 4376 603 4427 0
668 4377 697 4426 15
714 4373 842 4441 obliqnm
863 4373 888 4424 P
951 4373 1095 4424 tediosam
1114 4372 1140 4421 P
1203 4376 1233 4425 21
1250 4374 1399 4426 duodecim
1424 4375 1447 4427 G

303 4459 386 4509 2122
401 4458 521 4509 Bonitas
534 4464 564 4508 st
577 4470 680 4522 magna
692 4455 716 4504 P
779 4455 810 4506 27
828 4455 1050 4519 <constituens‚)
1064 4454 1255 4519 perordinem
1273 4453 1296 4507 G
