3414 5122
648 424 798 469 eroutvs
820 423 1030 470 erumnosus.
1354 409 1410 468 199

266 605 302 647 se
321 580 513 665 conferant,
536 586 570 645 et
593 578 677 646 haec
696 578 820 645 vitales
840 578 1005 645 circuitus
1032 585 1211 667 peragant.
1242 581 1288 645 Ni
1319 581 1411 647 enim

266 706 351 773 haec
371 707 446 793 ipsa
469 705 715 793 persentirent,
735 727 926 792 numquam
942 704 985 771 ad
1005 705 1268 772 convenientem
1291 705 1346 771 vel
1374 707 1412 772 in

268 831 489 898 convenienti
508 830 650 917 regione
669 834 899 897 moverentur.
919 829 1013 897 Hinc
1031 831 1118 897 bene
1137 830 1298 897 dixerunt
1318 831 1412 914 (licet

266 979 337 1023 non
354 956 443 1022 bene
461 978 579 1022 omnes
598 955 812 1042 intelligant)
832 977 917 1043 opus
935 961 1080 1022 naturae
1093 957 1172 1022 'esse
1195 978 1280 1043 opus
1311 955 1411 1022 intel·

223 1081 442 1168 bligentiae.
477 1082 554 1146 Hoc
580 1081 685 1147 habet
717 1082 886 1148 naturalis
915 1081 1031 1168 magia
1067 1103 1144 1147 oum
1172 1081 1412 1168 superstitiosa

268 1215 374 1294 atque
392 1206 513 1274 divina
530 1228 674 1273 comune
693 1207 921 1295 principium,
942 1207 1033 1294 quod
1052 1206 1168 1274 omnia
1187 1206 1312 1272 intimo
1329 1228 1413 1295 quc·

268 1333 349 1400 dam
382 1332 608 1399 incitamento
637 1332 768 1398 malum
795 1355 858 1420 pro
888 1332 1022 1400 viribus
1050 1331 1193 1419 fugiunt
1223 1339 1257 1397 et
1283 1332 1412 1398 bonum

266 1465 533 1547 persequuntur,
555 1463 589 1524 et
607 1457 676 1525 alia
695 1465 878 1526 moventur
895 1481 916 1524 a
935 1481 984 1542 se,
1004 1456 1073 1524 alia
1096 1458 1140 1524 ab
1164 1457 1248 1541 alio,
1280 1465 1315 1522 et
1343 1457 1412 1524 alia

267 1591 451 1650 moventur
466 1583 510 1650 ab
526 1583 715 1649 intrinseco
730 1583 917 1671 principio,
931 1583 1024 1669 quod
1039 1605 1174 1670 semper
1186 1590 1239 1648 est
1253 1581 1412 1668 indigum

205 1714 245 1779 10
267 1711 322 1776 vel
341 1709 547 1797 indigentis,
571 1709 639 1776 alia
663 1732 744 1775 vere
774 1711 818 1776 ab
849 1709 1055 1794 extrinsece,
1087 1731 1176 1794 quae
1206 1706 1413 1794 quandoque

267 1843 349 1901 sunt
369 1835 494 1922 quibus
512 1834 608 1901 aliud
627 1834 774 1921 indiget;
794 1835 862 1900 alia
886 1857 1022 1922 qnoque
1046 1840 1230 1901 moventur
1247 1833 1414 1900 naturali-

232 1991 234 1994 ·
267 1968 335 2046 ter,
352 1960 420 2026 alia
439 1961 622 2045 violenter,
640 1959 708 2026 alia
723 1983 794 2026 non
810 1966 1053 2047 repugnanter.
1070 1959 1163 2024 Hinc
1179 1958 1412 2047 sympathiam

268 2093 303 2152 et
336 2085 594 2173 asympathiam
620 2092 655 2152 et
682 2086 753 2152 vim
784 2086 965 2172 utriusque
994 2085 1229 2169 considerans,
1260 2083 1413 2172 applica-

268 2215 362 2280 tione
378 2213 630 2302 principiorum
649 2236 727 2280 cum
745 2213 942 2301 principiis,
962 2212 1141 2299 agentium
1159 2235 1235 2278 cum
1251 2211 1414 2300 patienti-

203 2348 244 2411 15
268 2340 349 2423 bus,
373 2345 519 2406 naturae
541 2339 811 2426 cunctipotentis
835 2338 983 2422 aemula,
1008 2339 1100 2404 socia
1123 2337 1287 2421 efficitur,
1308 2343 1413 2423 atque

268 2465 523 2551 quodammodo
543 2464 695 2531 eiusdem
725 2464 769 2530 ad
791 2463 970 2553 proprium
994 2485 1094 2530 usum
1112 2463 1277 2530 directrix
1296 2468 1331 2528 et
1349 2485 1413 2549 gu·

268 2589 456 2656 bernatrix.

733 2794 769 2832 De
783 2792 823 2833 1v.
839 2791 941 2833 obtectu.

358 2964 388 3027 6.
413 2962 570 3039 Quatuor
592 2960 805 3026 obiectorum
833 2965 1009 3047 practerea
1039 2959 1128 3026 ratio
1152 2967 1203 3025 est
1232 2959 1411 3026 habenda:

200 3084 455 3172 uoluminis,
481 3086 642 3172 coloris,
667 3085 841 3173 figurae,
866 3085 1037 3171 formae,
1062 3108 1151 3171 quae
1169 3083 1411 3172 qualtruplici-
1435 3080 1525 3146 16ΙΡ

268 3221 321 3279 ter
340 3214 438 3279 iuxta
459 3217 463 3299 1
485 3211 670 3300 quamdam
684 3211 894 3298 analogiam,
914 3233 957 3276 ex
974 3210 1140 3296 gradibus
1161 3209 1254 3276 modi
1267 3197 1412 3296 'quatru
1439 3216 1547 3281 586

267 3338 368 3427 plicis
389 3336 629 3405 considerandi
645 3337 875 3424 desumptam,
901 3335 1068 3423 capienda
1090 3341 1186 3402 sunt:
1210 3334 1416 3422 metaphy-

268 3464 364 3548 sice,
383 3463 567 3551 physice,
586 3463 865 3548 rationaliter,
884 3461 1101 3529 moraliter.

769 3687 804 3726 lle
818 3686 912 3726 lumine.

201 3861 244 3925 25
358 3860 387 3924 7.
411 3859 544 3925 Lumen
575 3880 657 3944 ergo
687 3858 829 3946 concipe
859 3881 936 3924 cum
965 3858 1156 3924 Platonicis
1178 3866 1218 3924 nt
1242 3859 1359 3945 ignem
1378 3867 1414 3924 et

269 3984 355 4049 coeli
385 3983 545 4067 formam,
574 3983 762 4070 imaginem
789 3984 883 4050 vitae
910 3983 996 4049 coeli
1019 3989 1072 4067 (ut
1100 3984 1190 4070 quod
1212 3987 1251 4050 in
1274 3984 1413 4050 coelesti

361 4247 377 4296 2
394 4260 540 4310 uunquam
554 4244 579 4295 G
641 4247 691 4297 5.6
707 4261 935 4298 cum-comune
949 4249 1111 4311 (commune
1130 4247 1164 4312 G)
1180 4254 1290 4299 raettoao
1297 4251 1352 4314 fro
1359 4267 1412 4315 pa·

277 4323 437 4376 realesiPG
482 4326 717 4392 5superstiri0sa
731 4327 756 4376 P
782 4329 834 4379 .10
850 4327 1060 4379 extrinsecisG
1107 4327 1373 4393 lssasympathiam
1387 4330 1412 4380 P

276 4408 306 4456 15
324 4408 402 4456 socia
428 4407 465 4456 P:
486 4407 621 4472 sociaque
646 4406 670 4456 G
733 4406 772 4458 20.
782 4409 864 4459 2122
881 4407 1109 4474 quadrupliciter
1133 4425 1146 4460 c
1170 4411 1364 4476 quadruplicis
1388 4412 1412 4463 G

273 4488 304 4537 21
321 4488 463 4552 quandem
478 4486 501 4538 G
564 4487 646 4538 2223
661 4489 878 4555 methaphysice
890 4487 944 4539 PG
