3414 5122
674 406 834 453 rarorum
857 408 985 453 6161111.
1364 397 1402 454 91

258 560 353 626 mille
376 563 536 649 patribus
566 587 626 629 seu
652 565 836 652 capitibus,
869 589 946 631 cum
972 567 1042 632 suis
1068 567 1173 651 natis,
1201 568 1403 654 corporibus

258 693 362 773 atque
398 689 560 755 membris
593 689 863 777 distinguendis,
899 700 1037 758 centum
1066 694 1219 759 animata
1248 693 1404 760 subiecta

260 814 377 900 aliqua
394 815 435 883 (16
451 818 639 906 praedictis
656 819 742 885 serie
756 820 794 884 in
808 819 963 886 ordinem
979 820 1114 909 digesta
1129 823 1402 909 praeappararis,

260 943 297 1009 in
328 945 454 1031 quibus
485 946 526 1012 de
555 968 623 1032 quo
647 947 737 1013 ratio
760 953 812 1014 est
834 947 993 1014 habenda
1022 955 1268 1036 prosequutum
1301 973 1402 1037 nego·

215 1078 236 1141 5
260 1073 348 1138 tium
367 1074 597 1162 intelligatur.
620 1076 715 1141 Haeo
742 1075 797 1140 vel
824 1077 1052 1142 numeratoris
1080 1099 1241 1144 numeros
1269 1086 1330 1144 aut
1357 1078 1405 1144 al-

259 1198 369 1264 terius
400 1200 567 1285 cuiusque
593 1200 730 1267 ordines
749 1201 1000 1288 percurrentia,
1026 1202 1141 1290 capita
1161 1203 1199 1268 in
1218 1203 1406 1289 memibra,
1431 1206 1483 1268 8r

262 1324 486 1411 membraque
503 1324 541 1390 in
563 1325 723 1413 proprios
746 1325 958 1393 distribuent
977 1327 1150 1393 articulos.
1177 1327 1269 1407 Quid
1292 1328 1408 1394 enim?

265 1448 391 1515 Nonne
410 1448 440 1514 si
458 1449 501 1515 de
516 1456 655 1516 centum
683 1449 882 1517 hominibus
909 1452 1101 1518 successive
1119 1452 1251 1539 singuli
1270 1462 1409 1518 centum

267 1575 500 1643 diversificata
523 1576 751 1644 lustraverint
770 1578 910 1662 cubilia,
931 1577 1042 1644 decies
1060 1578 1127 1644 tibi
1146 1577 1241 1645 mille
1260 1579 1410 1645 subster-

197 1711 241 1775 10
262 1708 349 1768 nent
368 1703 593 1785 intentiones,
614 1726 699 1789 quas
719 1704 748 1769 61
768 1703 944 1791 duplicare
964 1704 1084 1791 cupias
1102 1704 1174 1770 sola
1192 1704 1338 1772 totidem
1355 1727 1411 1770 ou-

263 1831 387 1898 bilium
404 1831 594 1915 additione,
626 1831 681 1897 vel
707 1833 886 1898 hominum
905 1833 1197 1920 multiplicatione
1224 1831 1408 1920 perficies?

263 1957 389 2023 Nonne
412 1964 447 2022 et
470 1957 507 2023 in
527 1957 625 2046 ipsis,
646 1957 749 2024 sicuti
768 1957 933 2023 materiae
951 1959 1107 2024 materiis
1127 1958 1407 2042 subordinantur,

264 2083 314 2149 ita
334 2090 369 2149 et
387 2083 587 2150 hominibus
606 2084 761 2150 homines
788 2089 967 2170 tamquam
986 2106 1102 2151 servos
1129 2086 1185 2151 vel
1205 2084 1334 2152 amicos
1352 2083 1409 2150 vel

265 2231 495 2293 successoren,
526 2211 582 2275 vel
616 2209 787 2275 similibus
817 2209 1046 2277 relationibus
1075 2210 1194 2277 domos
1224 2210 1406 2293 domibus,

199 2335 422 2422 lacerisque
450 2335 549 2401 atriis
577 2335 745 2402 subiicere
776 2335 932 2401 valebis?
961 2336 1141 2423 Numquid
1169 2360 1240 2405 non
1264 2342 1298 2402 et
1323 2336 1408 2402 haec

264 2459 387 2526 ultima
407 2467 580 2549 percepta,
600 2466 640 2527 ut
662 2461 769 2526 variis
789 2461 909 2526 ordine
921 2461 1071 2547 quodam
1083 2462 1238 2528 subiecta
1258 2461 1406 2546 casibuS,

264 2585 445 2652 materiam
464 2587 531 2652 tibi
553 2586 657 2673 longe
687 2587 879 2652 uberiorem
908 2594 942 2653 et
968 2587 1011 2652 ad
1037 2587 1283 2674 inquirendum
1310 2593 1345 2651 61
1365 2585 1409 2652 ad

267 2714 516 2781 inveniendum
536 2722 570 2779 et
589 2713 632 2780 ad
651 2712 872 2779 retinendum
891 2714 1189 2802 suppeditabunt?
1293 2802 1296 2808 Ι

539 3060 602 3124 DE
637 3060 792 3127 FONTE
826 3061 885 3127 ΕΤ
919 3060 1136 3138 SPECVLO.

740 3210 813 3249 XXII.
829 3208 930 3258 Slglllua.

355 3450 435 3515 Non
454 3447 595 3514 dabitur
613 3449 774 3516 omnibus
792 3449 896 3514 istam
915 3448 1009 3515 adire
1029 3448 1243 3515 Corinthum.
1258 3450 1407 3517 Unicam

267 3574 304 3640 in
323 3574 426 3670 unico
446 3575 626 3642 scientiam
643 3575 797 3642 subiecto
817 3576 1086 3662 contemplabar.
1108 3575 1190 3640 Eius
1211 3575 1304 3640 enim
1324 3582 1409 3661 quot

267 3698 406 3767 fuerant
417 3702 621 3789 praecipuae
637 3708 766 3789 partes,
778 3701 923 3768 totidem
940 3703 1145 3790 praecipuae
1158 3702 1409 3768 ordinabantur

267 3830 411 3912 formae,
439 3837 591 3916 quotque
617 3830 838 3896 secundariae
862 3829 1016 3917 partium
1041 3830 1234 3917 portiones,
1263 3829 1408 3895 totidem

201 3959 245 4024 25
267 3957 443 4044 primariis
462 3957 683 4024 secundariae
699 3958 830 4023 formae
848 3957 1130 4023 adnectebantur.
1144 3956 1199 4021 Ad
1213 3957 1324 4022 instar
1343 3955 1409 4043 igi-

268 4088 326 4147 tur
350 4082 448 4169 artis,
473 4106 560 4169 quae
584 4084 867 4150 Cabalisticus
900 4083 1066 4149 auditus
1100 4082 1314 4164 intitulatur,
1339 4102 1410 4146 non

275 4414 278 4419 >
358 4387 680 4454 2.8subiaota,aliqua
742 4388 973 4456 Bpraapperaria
1035 4389 1268 4455 fiperourrantiae
1331 4389 1359 4440 21
1375 4390 1410 4454 ej.

269 4467 388 4532 11116666.
403 4469 440 4518 ad
448 4468 518 4521 Hor.
538 4469 624 4533 Epist.
644 4472 666 4530 1,
687 4471 725 4533 17,
740 4473 775 4519 36
836 4471 868 4520 ‘23
884 4471 1037 4538 precipuae
1048 4475 1147 4536 partes
