3414 5122
658 411 806 456 srennvs
827 412 1037 458 sicimonvn.
1362 403 1416 459 191

276 571 470 651 ptuosaque
489 566 689 652 ignorantia
718 565 801 633 freti
829 590 900 633 non
918 568 1019 634 facile
1039 570 1195 653 credant,
1216 593 1236 636 a
1266 571 1419 637 naturali

275 696 394 755 tamen
414 690 522 756 animi
545 692 704 779 potentia
734 693 770 757 id
788 694 972 780 provenire
994 717 1094 782 posse
1123 695 1225 762 facile
1244 695 1415 778 novimus,

252 819 254 824 ’
276 821 311 879 et
330 815 441 882 multo
460 822 542 881 ante
561 817 751 884 Zoroaster.
772 819 894 885 Nescio
918 843 964 885 an
983 819 1027 886 ad
1050 797 1153 886 istain
1173 820 1419 888 contractionis

276 942 428 1028 speciem
446 943 567 1009 referri
585 944 697 1010 velint
711 944 844 1011 domini
860 945 1013 1034 theologi
1029 954 1168 1035 raptum
1184 948 1298 1033 Pauli,
1317 971 1419 1034 quem

232 1067 252 1130 5
277 1075 312 1134 et
325 1069 399 1156 ipse
414 1091 485 1135 nou
504 1070 589 1137 satis
608 1071 707 1137 novit
723 1094 768 1137 an
785 1071 822 1137 iu
838 1094 980 1161 corpore
992 1097 1038 1141 an
1050 1080 1147 1141 extra
1163 1097 1286 1163 corpus
1303 1074 1419 1142 fuerit.

599 1336 633 1376 De
649 1335 822 1386 decimaquarta
835 1338 998 1377 connectionis
1013 1339 1096 1388 specie.
1444 1313 1552 1380 578

367 1539 424 1603 48.
439 1534 507 1604 ‘Est
525 1543 560 1603 et
579 1537 727 1625 pessima
744 1538 948 1624 contractio,
966 1561 1053 1624 quae
1070 1561 1090 1605 a
1106 1540 1240 1606 ratione
1255 1541 1421 1608 contrarii

276 1666 408 1748 victus,
430 1664 490 1749 qui
509 1663 662 1728 naturali
681 1662 911 1750 complexioni
939 1663 1107 1731 diametro
1130 1665 1334 1753 opponitur,
1352 1653 1435 1752 quo

277 1790 315 1855 in
334 1789 480 1877 pessime
500 1788 663 1855 enutritis
693 1788 774 1854 talis
793 1789 992 1875 congeritur
1015 1790 1052 1855 in
1070 1790 1236 1856 vitalibus
1268 1791 1420 1879 corporis

213 1920 257 1985 10
279 1914 440 2002 partibus
459 1912 595 1995 humor,
616 1920 656 1978 ut
672 1913 728 1978 vel
747 1913 880 2001 proprii
899 1914 1042 2000 spiritus
1059 1915 1262 1981 alteratione
1278 1915 1421 1982 reddan-

278 2019 336 2106 tur
358 2045 511 2105 amentes
530 2045 635 2126 atque
662 2038 821 2124 fanatici,
841 2040 897 2105 vel
919 2040 1095 2127 peregrini
1122 2041 1314 2106 accessione
1333 2043 1421 2109 fiant

279 2163 514 2252 energumeni.
535 2162 708 2241 Quosdam
727 2165 855 2229 etenim
871 2164 913 2229 de
930 2164 1144 2253 simplicibus
1161 2165 1361 2252 corporibus
1377 2166 1421 2232 ad

279 2291 460 2357 materiam
479 2288 547 2354 sibi
577 2288 873 2355 adcommodatam
900 2312 980 2356 mox
1004 2289 1232 2357 libentissime
1261 2291 1422 2357 accedere

279 2421 418 2481 nonest
434 2412 588 2498 difficile,
604 2414 693 2480 sicut
709 2420 744 2480 et
762 2436 780 2478 e
799 2436 1014 2500 quocumque
1026 2414 1157 2481 semine
1172 2415 1210 2480 in
1222 2415 1309 2481 bene
1321 2416 1421 2482 collo·

216 2553 258 2619 15
282 2547 358 2607 cato
377 2548 482 2625 atque
497 2538 664 2626 disposito
684 2539 900 2626 spiritualem
921 2541 926 2626 1
946 2539 1199 2627 animalemque
1217 2539 1327 2606 vitam
1345 2563 1422 2627 pro·
1444 2544 1467 2607 f
1484 2546 1526 2608 1²·

280 2664 355 2731 dire
374 2672 426 2731 est
449 2665 620 2748 naturale,
639 2672 676 2730 et
695 2665 898 2751 cuicumque
918 2665 1099 2753 conceptui
1117 2665 1205 2730 bene
1226 2688 1261 2731 se
1279 2664 1423 2732 habenti

282 2790 418 2858 animus
448 2791 545 2857 velut
564 2791 693 2877 ubique
716 2813 878 2878 praesens
908 2791 1028 2857 statim
1047 2790 1153 2856 adest.
1173 2790 1249 2857 Hac
1272 2791 1421 2875 ratione,

282 2912 400 2981 addita
419 2915 603 2982 undecima
615 2924 649 2981 et
669 2915 870 2982 duodecima
883 2915 1129 2982 contractionis
1141 2916 1268 3004 specie,
1284 2925 1424 3004 repente

283 3063 345 3130 per
363 3049 473 3107 artem
492 3040 665 3107 notoriam
685 3042 856 3128 sapientes
873 3040 1069 3107 efficiuntur
1086 3041 1275 3128 simplices,
1293 3041 1423 3109 creduli

214 3178 259 3242 20
284 3176 320 3234 et
340 3166 578 3255 superstitiose
609 3166 887 3254 contemplativi,
917 3165 1032 3231 sedin
1062 3166 1106 3232 iis
1125 3167 1261 3255 sapiens
1280 3167 1425 3254 spiritus

281 3314 352 3359 non
383 3300 435 3358 est
454 3293 629 3380 propriae,
661 3291 721 3357 sed
743 3292 883 3401 proprio
913 3290 1098 3378 imperiose
1122 3293 1312 3380 copulatus.
1344 3293 1425 3359 Ideo

283 3418 446 3502 furiosos,
467 3417 672 3503 eosdemque
691 3416 921 3483 intellectivos
945 3416 1088 3504 spiritus
1108 3440 1185 3483 cum
1218 3418 1425 3504 quibusdam

281 3543 484 3610 animalium
513 3543 740 3609 excrementis
767 3541 930 3608 Saturnio
956 3541 1225 3608 adcommodatis
1255 3549 1425 3630 tempera·

281 3678 414 3754 mento,
438 3677 573 3755 egestos
606 3667 821 3754 frequentius
855 3666 988 3754 experti
1012 3689 1145 3751 sumus3
1179 3675 1214 3733 et
1237 3667 1425 3734 monachus

216 3807 259 3869 25
283 3794 438 3877 Brixiae,
474 3817 528 3860 me
552 3803 732 3881 praesente
763 3792 945 3881 ipsumque
969 3800 1124 3876 curante,
1159 3794 1219 3879 qui
1253 3793 1317 3860 hac
1351 3799 1425 3859 arte

282 3926 423 4008 repente
442 3919 626 4008 propheta,
644 3941 790 4005 magnus
805 3918 985 4004 theologus
1002 3928 1036 3983 et
1054 3918 1252 4005 linguarum
1269 3919 1423 3985 omnium

287 4047 423 4135 peritus
442 4045 626 4113 videbatur
645 4045 800 4129 effectus,
820 4045 905 4133 ipse,
927 4067 1003 4111 cum
1022 4044 1267 4112 monachorum
1289 4050 1424 4112 tantam

371 4373 388 4422 8
408 4371 605 4437 complexione
620 4373 693 4438 (sic),
708 4373 848 4424 diametro
865 4372 891 4420 Ρ
954 4373 983 4422 11
1000 4371 1145 4434 phanatici
1167 4371 1193 4421 P
1255 4371 1286 4420 12
1306 4385 1425 4435 energu-

289 4455 384 4504 menie
400 4453 536 4519 quosdam
551 4454 608 4517 (ric)
623 4454 648 4502 P
712 4454 742 4504 14
759 4454 789 4504 in
803 4453 890 4504 cml}
953 4452 1194 4519 26prophaetaP
