3414 5122
310 407 368 465 174
743 421 884 466 rounam
905 422 1008 465 narni

306 575 391 641 citer
414 574 482 640 dici
503 597 622 640 sensus
646 573 841 639 consuerit:
865 573 1011 639 inferior
1036 572 1214 657 videlicet,
1243 573 1369 660 hicque
1397 585 1450 642 est

308 722 373 785 quo
386 723 456 766 non
472 708 597 766 natura
613 699 733 764 reive]
750 698 900 784 qualitas
916 700 986 764 ulla
1002 699 1223 783 discernitur,
1236 699 1296 765 sed
1309 701 1448 767 affectio

306 827 474 912 quaedam
494 826 674 893 dumtaxat
693 849 714 891 a
733 825 904 912 corporeis
923 826 1152 911 qualitatihus
1171 827 1270 893 illata
1287 828 1449 912 sent-itum

306 960 340 1017 et
361 953 528 1039 superior,
551 952 612 1038 qui
635 960 795 1017 naturam
819 951 1091 1036 qualitatemque
1110 953 1289 1039 persentit.
1310 953 1447 1020 Primus

262 1086 283 1149 ὃ
306 1078 467 1166 stupidus
483 1085 534 1144 est
550 1086 586 1143 et
603 1076 713 1142 veluti
729 1076 912 1159 dormiens,
927 1077 1058 1164 plantis
1074 1100 1209 1163 quoque
1226 1080 1446 1163 convenicae,

306 1204 474 1271 secrmdus
491 1201 694 1269 animalium
710 1201 951 1267 tantummodo
967 1203 1128 1288 proprius
1142 1203 1370 1297 perqhibetur.
1386 1205 1451 1270 Est
1478 1207 1589 1272 564

307 1352 410 1416 porro
429 1336 464 1394 et
482 1328 606 1395 tertius
626 1326 766 1413 quidam
786 1326 920 1410 modus,
937 1349 1004 1414 quo
1024 1350 1143 1393 sensus
1163 1328 1348 1414 significat.
1369 1330 1453 1417 Epi-

308 1477 411 1520 curus
430 1453 522 1519 enim
542 1452 775 1539 cognitionem
795 1471 932 1517 omnem
965 1453 1118 1539 appellat
1145 1477 1297 1538 sensum,
1327 1455 1453 1522 Demo·

308 1579 416 1646 critus
435 1585 469 1644 et
487 1578 712 1665 Empedocles
732 1578 963 1659 intellectum,
985 1578 1209 1664 Pythagorici
1240 1587 1392 1646 mentem
1416 1588 1452 1646 et

246 1718 286 1780 10
309 1705 471 1793 spiritum
490 1705 644 1788 altorem,
659 1704 842 1790 ipsumque
855 1704 1059 1791 intelligunt
1073 1728 1145 1770 esse
1162 1705 1200 1770 in
1215 1706 1375 1772 omnibus
1384 1730 1448 1794 pro

307 1853 369 1896 sua
388 1830 532 1896 ratione.
552 1829 598 1893 Et
617 1837 708 1894 certe
727 1852 769 1894 ex
788 1829 916 1895 nostris
934 1829 1117 1917 principiis
1141 1852 1203 1896 nos
1227 1829 1311 1897 haec
1335 1832 1453 1899 omnia

307 1957 345 2022 111
372 1978 482 2021 unum
510 1976 710 2020 concurrere
740 1955 950 2042 principium
978 1955 1179 2021 iudicamus.
1205 1956 1304 2022 Mens
1340 1958 1451 2042 enim,

308 2104 395 2168 qua-e
413 2079 567 2147 universi
591 2081 715 2147 molem
739 2080 907 2167 exagitat,
938 2087 989 2146 est
1020 2103 1108 2165 quae
1136 2102 1156 2144 a
1185 2089 1304 2148 centro
1335 2106 1451 2149 semen

307 2208 449 2293 figurat,
483 2212 556 2271 tam
589 2205 807 2271 mirabilibus
839 2205 1018 2271 ordinibus
1050 2207 1210 2272 insuam
1233 2207 1449 2294 hypostasim

246 2336 284 2400 15
307 2332 436 2415 educit,
450 2330 535 2397 adeo
555 2331 703 2418 egregiis
719 2331 853 2397 technis
869 2331 1011 2416 intexit,
1027 2332 1295 2418 exquisitissime
1310 2334 1449 2420 plantas

308 2456 531 2544 lapidumque
567 2455 678 2521 adhuc
712 2455 838 2543 spiritu
872 2456 963 2522 vitae
1007 2479 1079 2522 non
1113 2458 1306 2524 carentium
1340 2481 1447 2524 venas

307 2582 554 2649 characterizat
576 2590 611 2646 et
630 2581 811 2669 impingit,
831 2603 852 2646 a
871 2582 995 2666 quihus
1014 2583 1175 2648 omnihus
1194 2584 1361 2649 animales
1381 2583 1453 2650 vir-

307 2717 400 2776 tutes
419 2708 556 2776 effluere
576 2709 660 2776 satis
679 2715 731 2774 est
749 2717 963 2796 compertum
993 2710 1048 2792 iis,
1083 2711 1141 2795 qui
1169 2711 1207 2775 in
1236 2711 1450 2777 naturalium

309 2835 582 2902 consideratione
602 2856 671 2900 nou
691 2835 898 2901 caecutiunt.
919 2835 986 2900 Hic
1006 2835 1034 2899 si
1053 2843 1114 2900 tua
1134 2837 1382 2923 contemplatio
1403 2837 1457 2902 in-

242 2958 287 3037 ’20
309 2962 425 3045 sistat,
446 2984 517 3027 11011
535 2960 666 3026 frustra
684 2967 718 3025 te
737 2983 840 3025 sensu
855 2959 1053 3046 praeditum
1071 2984 1143 3026 esse
1163 2961 1376 3027 crediderim.

675 3225 709 3263 De
723 3225 821 3265 seeundo
836 3227 1001 3274 pregre-ionis
1017 3228 1097 3276 gradu.
1480 3222 1511 3284 d
1533 3222 1586 3284 ⁹7¹·

400 3434 451 3497 32.
472 3433 654 3521 Duplicem
687 3431 832 3499 subinde
866 3433 903 3497 in
936 3433 1036 3498 nobis
1066 3456 1136 3498 esse
1161 3433 1448 3519 imaginationem

311 3557 538 3623 considerato:
559 3559 707 3645 primam
726 3557 865 3642 quidem
881 3557 918 3622 in
937 3557 1052 3623 anima
1070 3559 1335 3624 ratiocinantem
1351 3581 1453 3645 expe·

310 3685 432 3768 rimur,
455 3686 678 3752 discursionis
702 3684 889 3770 iudiciique
913 3693 1118 3772 compotem,
1144 3686 1340 3771 rationique
1371 3709 1453 3772 quo-

243 3820 287 3883 25
311 3808 491 3876 dammodo
512 3811 671 3892 similem;
691 3810 875 3876 secundam
905 3833 987 3875 rero
1008 3811 1043 3876 in
1074 3811 1204 3894 anima,
1229 3834 1289 3875 seu
1307 3811 1395 3895 rita,
1417 3811 1453 3876 in

311 3936 412 4001 nobis
436 3937 569 4003 ratione
593 3944 782 4020 carentem,
803 3939 846 4002 ab
870 3936 933 4001 hac
952 3937 1166 4023 impressanu
1197 3959 1285 4022 quae
1315 3935 1454 4021 quidem

311 4061 516 4150 imaginatio
546 4085 616 4128 non
644 4071 715 4129 tam
745 4062 880 4129 ratione
910 4063 1021 4129 utitur
1051 4071 1084 4127 et
1105 4062 1329 4146 discursione,
1351 4084 1454 4148 quam

404 4324 419 4371 7
436 4322 591 4387 significat,
602 4325 696 4389 11109110
709 4325 891 4390 significatur
956 4328 985 4375 11
1003 4326 1172 4389 hipostasim
1190 4325 1227 4374 P:
1244 4325 1413 4390 hypostasin
1430 4322 1454 4373 (1

312 4405 343 4453 15
363 4403 505 4469 aegregijs
526 4404 551 4453 Ρ
619 4407 649 4454 1ῖ
670 4407 857 4456 caracterizat
874 4407 899 4456 P
963 4409 993 4457 19
1015 4408 1068 4457 His
1095 4408 1119 4456 (ι’
1187 4408 1218 4456 2ἰ1
1237 4408 1407 4456 s'ecumdam
1429 4405 1455 4454 P

311 4483 351 4533 25.
361 4484 393 4532 w
409 4485 512 4535 vitain
527 4487 624 4551 nobis,
639 4487 753 4537 ratione
769 4485 793 4537 G
