<?xml version="1.0" encoding="UTF-8"?>
<!DOCTYPE html PUBLIC "-//W3C//DTD XHTML 1.0 Transitional//EN"
    "http://www.w3.org/TR/xhtml1/DTD/xhtml1-transitional.dtd">
<html xmlns="http://www.w3.org/1999/xhtml" xml:lang="en" lang="en">
 <head>
  <title>
</title>
<meta http-equiv="Content-Type" content="text/html;charset=utf-8" />
  <meta name='ocr-system' content='tesseract 3.04.00' />
  <meta name='ocr-capabilities' content='ocr_page ocr_carea ocr_par ocr_line ocrx_word'/>
</head>
<body>
  <div class='ocr_page' id='page_1' title='image "./jordanibruninol03brungoog_0318.png"; bbox 0 0 3414 5122; ppageno 0'>
   <div class='ocr_carea' id='block_1_1' title="bbox 574 417 1394 478">
    <p class='ocr_par' dir='ltr' id='par_1_1' title="bbox 574 417 1394 478">
     <span class='ocr_line' id='line_1_1' title="bbox 574 417 1394 478; baseline 0.002 -4"><span class='ocrx_word' id='word_1_1' title='bbox 574 430 618 474; x_wconf 80' lang='lat' dir='ltr'><strong>na</strong></span> <span class='ocrx_word' id='word_1_2' title='bbox 637 429 793 475; x_wconf 43' lang='lat' dir='ltr'><strong>[isimon</strong></span> <span class='ocrx_word' id='word_1_3' title='bbox 815 429 1072 477; x_wconf 72' lang='lat' dir='ltr'><strong>conterraneum.</strong></span> <span class='ocrx_word' id='word_1_4' title='bbox 1337 417 1394 478; x_wconf 70' lang='lat' dir='ltr'><strong>sot</strong></span> 
     </span>
    </p>
   </div>
   <div class='ocr_carea' id='block_1_2' title="bbox 204 586 1396 1427">
    <p class='ocr_par' dir='ltr' id='par_1_2' title="bbox 204 586 1396 1427">
     <span class='ocr_line' id='line_1_2' title="bbox 249 586 1396 679; baseline 0.004 -27"><span class='ocrx_word' id='word_1_5' title='bbox 249 588 362 653; x_wconf 90' lang='lat' dir='ltr'><strong>rentia</strong></span> <span class='ocrx_word' id='word_1_6' title='bbox 378 586 613 653; x_wconf 67' lang='lat' dir='ltr'><strong>consideratur</strong></span> <span class='ocrx_word' id='word_1_7' title='bbox 629 588 684 653; x_wconf 82' lang='lat' dir='ltr'><strong>vel</strong></span> <span class='ocrx_word' id='word_1_8' title='bbox 701 588 946 654; x_wconf 87' lang='lat' dir='ltr'><strong>concordantia</strong></span> <span class='ocrx_word' id='word_1_9' title='bbox 964 590 1020 655; x_wconf 87' lang='lat' dir='ltr'><strong>vel</strong></span> <span class='ocrx_word' id='word_1_10' title='bbox 1036 591 1185 676; x_wconf 80' lang='lat' dir='ltr'><strong>reliqua3</strong></span> <span class='ocrx_word' id='word_1_11' title='bbox 1200 599 1272 656; x_wconf 90' lang='lat' dir='ltr'><strong>tum</strong></span> <span class='ocrx_word' id='word_1_12' title='bbox 1289 593 1396 679; x_wconf 90' lang='lat' dir='ltr'><strong>parti-</strong></span> 
     </span>
     <span class='ocr_line' id='line_1_3' title="bbox 249 714 1396 804; baseline 0.004 -26"><span class='ocrx_word' id='word_1_13' title='bbox 249 714 413 798; x_wconf 84' lang='lat' dir='ltr'><strong>cularem,</strong></span> <span class='ocrx_word' id='word_1_14' title='bbox 431 722 470 780; x_wconf 86' lang='lat' dir='ltr'><strong>ut</strong></span> <span class='ocrx_word' id='word_1_15' title='bbox 489 737 567 779; x_wconf 88' lang='lat' dir='ltr'><strong>cum</strong></span> <span class='ocrx_word' id='word_1_16' title='bbox 587 714 825 781; x_wconf 73' lang='lat' dir='ltr'><strong>consideratur</strong></span> <span class='ocrx_word' id='word_1_17' title='bbox 843 715 936 780; x_wconf 90' lang='lat' dir='ltr'><strong>inter</strong></span> <span class='ocrx_word' id='word_1_18' title='bbox 955 715 1047 781; x_wconf 90' lang='lat' dir='ltr'><strong>hunc</strong></span> <span class='ocrx_word' id='word_1_19' title='bbox 1070 717 1232 804; x_wconf 79' lang='lat' dir='ltr'>angelum</span> <span class='ocrx_word' id='word_1_20' title='bbox 1250 726 1284 783; x_wconf 87' lang='lat' dir='ltr'><strong>et</strong></span> <span class='ocrx_word' id='word_1_21' title='bbox 1302 717 1396 783; x_wconf 92' lang='lat' dir='ltr'><strong>hune</strong></span> 
     </span>
     <span class='ocr_line' id='line_1_4' title="bbox 248 838 1395 924; baseline 0.003 -21"><span class='ocrx_word' id='word_1_22' title='bbox 248 838 434 922; x_wconf 86' lang='lat' dir='ltr'><strong>hominem,</strong></span> <span class='ocrx_word' id='word_1_23' title='bbox 458 840 523 904; x_wconf 87' lang='lat' dir='ltr'><strong>hoe</strong></span> <span class='ocrx_word' id='word_1_24' title='bbox 551 841 683 907; x_wconf 89' lang='lat' dir='ltr'><strong>coelum</strong></span> <span class='ocrx_word' id='word_1_25' title='bbox 714 846 749 905; x_wconf 88' lang='lat' dir='ltr'><strong>et</strong></span> <span class='ocrx_word' id='word_1_26' title='bbox 776 839 875 924; x_wconf 90' lang='lat' dir='ltr'><strong>illud,</strong></span> <span class='ocrx_word' id='word_1_27' title='bbox 904 840 994 906; x_wconf 85' lang='lat' dir='ltr'><strong>hanc</strong></span> <span class='ocrx_word' id='word_1_28' title='bbox 1023 849 1058 906; x_wconf 92' lang='lat' dir='ltr'><strong>et</strong></span> <span class='ocrx_word' id='word_1_29' title='bbox 1086 843 1183 908; x_wconf 85' lang='lat' dir='ltr'><strong>illarn</strong></span> <span class='ocrx_word' id='word_1_30' title='bbox 1217 845 1395 908; x_wconf 90' lang='lat' dir='ltr'><strong>virtutem.</strong></span> 
     </span>
     <span class='ocr_line' id='line_1_5' title="bbox 248 953 1395 1055; baseline 0.006 -28"><span class='ocrx_word' id='word_1_31' title='bbox 248 962 404 1028; x_wconf 85' lang='lat' dir='ltr'><strong>Secundo</strong></span> <span class='ocrx_word' id='word_1_32' title='bbox 424 987 486 1050; x_wconf 89' lang='lat' dir='ltr'><strong>per</strong></span> <span class='ocrx_word' id='word_1_33' title='bbox 505 964 745 1030; x_wconf 88' lang='lat' dir='ltr'><strong>deductionem</strong></span> <span class='ocrx_word' id='word_1_34' title='bbox 765 965 992 1032; x_wconf 86' lang='lat' dir='ltr'><strong>terminorum</strong></span> <span class='ocrx_word' id='word_1_35' title='bbox 1015 953 1117 1032; x_wconf 83' lang='lat' dir='ltr'><strong>huius</strong></span> <span class='ocrx_word' id='word_1_36' title='bbox 1137 967 1267 1054; x_wconf 86' lang='lat' dir='ltr'><strong>figurae</strong></span> <span class='ocrx_word' id='word_1_37' title='bbox 1284 969 1312 1033; x_wconf 82' lang='grc' dir='ltr'>Τ</span> <span class='ocrx_word' id='word_1_38' title='bbox 1332 992 1395 1055; x_wconf 90' lang='lat' dir='ltr'><strong>per</strong></span> 
     </span>
     <span class='ocr_line' id='line_1_6' title="bbox 204 1088 1393 1179; baseline 0.003 -27"><span class='ocrx_word' id='word_1_39' title='bbox 204 1088 413 1153; x_wconf 83' lang='lat' dir='ltr'><strong>5terminos</strong></span> <span class='ocrx_word' id='word_1_40' title='bbox 441 1091 618 1174; x_wconf 79' lang='lat' dir='ltr'><strong>generales</strong></span> <span class='ocrx_word' id='word_1_41' title='bbox 648 1090 780 1176; x_wconf 86' lang='lat' dir='ltr'><strong>figurae</strong></span> <span class='ocrx_word' id='word_1_42' title='bbox 809 1091 853 1171; x_wconf 88' lang='lat' dir='ltr'><strong>A,</strong></span> <span class='ocrx_word' id='word_1_43' title='bbox 881 1114 968 1176; x_wconf 86' lang='lat' dir='ltr'><strong>quae</strong></span> <span class='ocrx_word' id='word_1_44' title='bbox 999 1098 1051 1156; x_wconf 89' lang='lat' dir='ltr'><strong>est</strong></span> <span class='ocrx_word' id='word_1_45' title='bbox 1073 1093 1185 1179; x_wconf 87' lang='lat' dir='ltr'><strong>prima</strong></span> <span class='ocrx_word' id='word_1_46' title='bbox 1210 1093 1339 1178; x_wconf 84' lang='lat' dir='ltr'><strong>Lullia,</strong></span> <span class='ocrx_word' id='word_1_47' title='bbox 1372 1094 1393 1157; x_wconf 92' lang='lat' dir='ltr'><strong>i.</strong></span> 
     </span>
     <span class='ocr_line' id='line_1_7' title="bbox 246 1213 1395 1302; baseline 0.004 -25"><span class='ocrx_word' id='word_1_48' title='bbox 246 1213 482 1279; x_wconf 88' lang='lat' dir='ltr'><strong>absolutorum</strong></span> <span class='ocrx_word' id='word_1_49' title='bbox 513 1214 807 1301; x_wconf 84' lang='lat' dir='ltr'><strong>praedicatorum,</strong></span> <span class='ocrx_word' id='word_1_50' title='bbox 840 1223 880 1280; x_wconf 86' lang='lat' dir='ltr'><strong>nt</strong></span> <span class='ocrx_word' id='word_1_51' title='bbox 917 1238 993 1281; x_wconf 92' lang='lat' dir='ltr'><strong>cum</strong></span> <span class='ocrx_word' id='word_1_52' title='bbox 1021 1216 1052 1280; x_wconf 92' lang='lat' dir='ltr'>B</span> <span class='ocrx_word' id='word_1_53' title='bbox 1082 1217 1246 1302; x_wconf 78' lang='lat' dir='ltr'><strong>angidus,</strong></span> <span class='ocrx_word' id='word_1_54' title='bbox 1276 1217 1298 1282; x_wconf 90' lang='lat' dir='ltr'><strong>i.</strong></span> <span class='ocrx_word' id='word_1_55' title='bbox 1331 1216 1395 1282; x_wconf 85' lang='lat' dir='ltr'><strong>dif-</strong></span> 
     </span>
     <span class='ocr_line' id='line_1_8' title="bbox 245 1338 1391 1427; baseline 0.004 -25"><span class='ocrx_word' id='word_1_56' title='bbox 245 1338 407 1421; x_wconf 72' lang='lat' dir='ltr'><strong>ferentia,</strong></span> <span class='ocrx_word' id='word_1_57' title='bbox 432 1340 575 1426; x_wconf 87' lang='lat' dir='ltr'><strong>ponitur</strong></span> <span class='ocrx_word' id='word_1_58' title='bbox 599 1339 662 1404; x_wconf 90' lang='lat' dir='ltr'><strong>sub</strong></span> <span class='ocrx_word' id='word_1_59' title='bbox 687 1339 858 1422; x_wconf 86' lang='lat' dir='ltr'><strong>bonitate,</strong></span> <span class='ocrx_word' id='word_1_60' title='bbox 884 1347 1048 1425; x_wconf 88' lang='lat' dir='ltr'><strong>quaeest</strong></span> <span class='ocrx_word' id='word_1_61' title='bbox 1073 1342 1103 1406; x_wconf 89' lang='lat' dir='ltr'>B</span> <span class='ocrx_word' id='word_1_62' title='bbox 1126 1341 1256 1427; x_wconf 89' lang='lat' dir='ltr'><strong>figurae</strong></span> <span class='ocrx_word' id='word_1_63' title='bbox 1280 1342 1391 1427; x_wconf 86' lang='lat' dir='ltr'><strong>illius,</strong></span> 
     </span>
    </p>
   </div>
   <div class='ocr_carea' id='block_1_3' title="bbox 246 1462 1391 1551">
    <p class='ocr_par' dir='ltr' id='par_1_3' title="bbox 246 1462 1391 1551">
     <span class='ocr_line' id='line_1_9' title="bbox 246 1462 1391 1551; baseline 0.004 -23"><span class='ocrx_word' id='word_1_64' title='bbox 246 1462 474 1550; x_wconf 86' lang='lat' dir='ltr'><strong>significando</strong></span> <span class='ocrx_word' id='word_1_65' title='bbox 506 1464 738 1530; x_wconf 81' lang='lat' dir='ltr'><strong>differentiam</strong></span> <span class='ocrx_word' id='word_1_66' title='bbox 770 1463 861 1530; x_wconf 88' lang='lat' dir='ltr'><strong>inter</strong></span> <span class='ocrx_word' id='word_1_67' title='bbox 896 1465 1086 1531; x_wconf 83' lang='lat' dir='ltr'><strong>bonitatem</strong></span> <span class='ocrx_word' id='word_1_68' title='bbox 1116 1473 1151 1531; x_wconf 89' lang='lat' dir='ltr'><strong>et</strong></span> <span class='ocrx_word' id='word_1_69' title='bbox 1181 1466 1391 1551; x_wconf 86' lang='lat' dir='ltr'><strong>bonitatem,</strong></span> 
     </span>
    </p>
   </div>
   <div class='ocr_carea' id='block_1_4' title="bbox 144 1588 1501 3681">
    <p class='ocr_par' dir='ltr' id='par_1_4' title="bbox 144 1588 1501 3681">
     <span class='ocr_line' id='line_1_10' title="bbox 246 1588 1391 1677; baseline 0.003 -24"><span class='ocrx_word' id='word_1_70' title='bbox 246 1612 324 1654; x_wconf 92' lang='lat' dir='ltr'><strong>cum</strong></span> <span class='ocrx_word' id='word_1_71' title='bbox 342 1589 406 1655; x_wconf 87' lang='lat' dir='ltr'><strong>sub</strong></span> <span class='ocrx_word' id='word_1_72' title='bbox 426 1588 466 1673; x_wconf 86' lang='lat' dir='ltr'><strong>O,</strong></span> <span class='ocrx_word' id='word_1_73' title='bbox 487 1589 715 1676; x_wconf 84' lang='lat' dir='ltr'><strong>significando</strong></span> <span class='ocrx_word' id='word_1_74' title='bbox 739 1588 971 1655; x_wconf 80' lang='lat' dir='ltr'><strong>differentiam</strong></span> <span class='ocrx_word' id='word_1_75' title='bbox 999 1591 1091 1654; x_wconf 91' lang='lat' dir='ltr'><strong>inter</strong></span> <span class='ocrx_word' id='word_1_76' title='bbox 1114 1591 1391 1677; x_wconf 79' lang='lat' dir='ltr'><strong>magnitudinem</strong></span> 
     </span>
     <span class='ocr_line' id='line_1_11' title="bbox 181 1715 1393 1802; baseline 0 -19"><span class='ocrx_word' id='word_1_77' title='bbox 181 1720 223 1783; x_wconf 84' lang='lat'><strong>10</strong></span> <span class='ocrx_word' id='word_1_78' title='bbox 245 1723 280 1779; x_wconf 84' lang='lat' dir='ltr'><strong>et</strong></span> <span class='ocrx_word' id='word_1_79' title='bbox 299 1715 590 1799; x_wconf 76' lang='lat' dir='ltr'><strong>magnitudinem,</strong></span> <span class='ocrx_word' id='word_1_80' title='bbox 605 1722 646 1780; x_wconf 71' lang='lat' dir='ltr'><strong>⁴et</strong></span> <span class='ocrx_word' id='word_1_81' title='bbox 665 1715 716 1781; x_wconf 84' lang='lat' dir='ltr'><strong>ita</strong></span> <span class='ocrx_word' id='word_1_82' title='bbox 735 1716 879 1781; x_wconf 89' lang='lat' dir='ltr'><strong>ulterius</strong></span> <span class='ocrx_word' id='word_1_83' title='bbox 904 1716 1127 1802; x_wconf 85' lang='lat' dir='ltr'><strong>quoadusque</strong></span> <span class='ocrx_word' id='word_1_84' title='bbox 1147 1717 1191 1781; x_wconf 89' lang='lat' dir='ltr'><strong>ad</strong></span> <span class='ocrx_word' id='word_1_85' title='bbox 1215 1719 1250 1781; x_wconf 92' lang='lat' dir='ltr'><strong>K</strong></span> <span class='ocrx_word' id='word_1_86' title='bbox 1269 1718 1393 1783; x_wconf 85' lang='lat' dir='ltr'><strong>deven-</strong></span> 
     </span>
     <span class='ocr_line' id='line_1_12' title="bbox 244 1839 1390 1928; baseline 0.003 -24"><span class='ocrx_word' id='word_1_87' title='bbox 244 1847 318 1905; x_wconf 88' lang='lat' dir='ltr'><strong>tum</strong></span> <span class='ocrx_word' id='word_1_88' title='bbox 347 1839 466 1922; x_wconf 80' lang='lat' dir='ltr'><strong>fuerit3</strong></span> <span class='ocrx_word' id='word_1_89' title='bbox 498 1841 622 1906; x_wconf 89' lang='lat' dir='ltr'><strong>deinde</strong></span> <span class='ocrx_word' id='word_1_90' title='bbox 651 1840 811 1928; x_wconf 88' lang='lat' dir='ltr'><strong>ponendo</strong></span> <span class='ocrx_word' id='word_1_91' title='bbox 839 1842 1006 1927; x_wconf 84' lang='lat' dir='ltr'><strong>angulum</strong></span> <span class='ocrx_word' id='word_1_92' title='bbox 1030 1842 1124 1906; x_wconf 90' lang='lat' dir='ltr'><strong>inter</strong></span> <span class='ocrx_word' id='word_1_93' title='bbox 1147 1843 1177 1906; x_wconf 87' lang='lat' dir='ltr'>B</span> <span class='ocrx_word' id='word_1_94' title='bbox 1197 1849 1231 1907; x_wconf 90' lang='lat' dir='ltr'><strong>et</strong></span> <span class='ocrx_word' id='word_1_95' title='bbox 1250 1842 1277 1908; x_wconf 83' lang='lat' dir='ltr'>O</span> <span class='ocrx_word' id='word_1_96' title='bbox 1296 1843 1390 1908; x_wconf 89' lang='lat' dir='ltr'><strong>illius</strong></span> 
     </span>
     <span class='ocr_line' id='line_1_13' title="bbox 144 1958 1424 2052; baseline -0.001 -20"><span class='ocrx_word' id='word_1_97' title='bbox 144 2026 148 2032; x_wconf 90' lang='lat'><em>.</em></span> <span class='ocrx_word' id='word_1_98' title='bbox 243 1965 392 2051; x_wconf 84' lang='lat' dir='ltr'><strong>figurae,</strong></span> <span class='ocrx_word' id='word_1_99' title='bbox 412 1965 640 2052; x_wconf 84' lang='lat' dir='ltr'><strong>significando</strong></span> <span class='ocrx_word' id='word_1_100' title='bbox 659 1965 889 2032; x_wconf 86' lang='lat' dir='ltr'><strong>differentiam</strong></span> <span class='ocrx_word' id='word_1_101' title='bbox 912 1966 1004 2031; x_wconf 90' lang='lat' dir='ltr'><strong>inter</strong></span> <span class='ocrx_word' id='word_1_102' title='bbox 1032 1966 1225 2032; x_wconf 80' lang='lat' dir='ltr'><strong>bonitatem</strong></span> <span class='ocrx_word' id='word_1_103' title='bbox 1256 1973 1291 2032; x_wconf 88' lang='lat' dir='ltr'><strong>at</strong></span> <span class='ocrx_word' id='word_1_104' title='bbox 1322 1990 1391 2032; x_wconf 87' lang='lat' dir='ltr'><strong>ma·</strong></span> <span class='ocrx_word' id='word_1_105' title='bbox 1419 1958 1424 1966; x_wconf 68' lang='grc'><strong>’</strong></span> 
     </span>
     <span class='ocr_line' id='line_1_14' title="bbox 243 2092 1501 2179; baseline 0 -22"><span class='ocrx_word' id='word_1_106' title='bbox 243 2092 478 2177; x_wconf 86' lang='lat' dir='ltr'><strong>gnitudinem;</strong></span> <span class='ocrx_word' id='word_1_107' title='bbox 500 2096 504 2176; x_wconf 92' lang='grc' dir='ltr'>Ι</span> <span class='ocrx_word' id='word_1_108' title='bbox 525 2093 617 2159; x_wconf 88' lang='lat' dir='ltr'><strong>inter</strong></span> <span class='ocrx_word' id='word_1_109' title='bbox 635 2093 661 2158; x_wconf 87' lang='lat' dir='ltr'>O</span> <span class='ocrx_word' id='word_1_110' title='bbox 682 2100 717 2157; x_wconf 87' lang='lat' dir='ltr'><strong>et</strong></span> <span class='ocrx_word' id='word_1_111' title='bbox 735 2093 784 2175; x_wconf 92' lang='lat' dir='ltr'><strong>D,</strong></span> <span class='ocrx_word' id='word_1_112' title='bbox 804 2092 840 2158; x_wconf 90' lang='lat' dir='ltr'><strong>id</strong></span> <span class='ocrx_word' id='word_1_113' title='bbox 859 2100 911 2159; x_wconf 88' lang='lat' dir='ltr'><strong>est</strong></span> <span class='ocrx_word' id='word_1_114' title='bbox 930 2093 1021 2158; x_wconf 89' lang='lat' dir='ltr'><strong>inter</strong></span> <span class='ocrx_word' id='word_1_115' title='bbox 1049 2093 1325 2179; x_wconf 84' lang='lat' dir='ltr'><strong>magnitudinem</strong></span> <span class='ocrx_word' id='word_1_116' title='bbox 1354 2100 1388 2157; x_wconf 85' lang='lat' dir='ltr'><strong>et</strong></span> <span class='ocrx_word' id='word_1_117' title='bbox 1412 2096 1501 2157; x_wconf 65' lang='lat'><strong>18⁹</strong></span> 
     </span>
     <span class='ocr_line' id='line_1_15' title="bbox 244 2216 1390 2302; baseline 0.002 -21"><span class='ocrx_word' id='word_1_118' title='bbox 244 2217 475 2301; x_wconf 87' lang='lat' dir='ltr'><strong>durationem,</strong></span> <span class='ocrx_word' id='word_1_119' title='bbox 497 2223 533 2282; x_wconf 88' lang='lat' dir='ltr'><strong>et</strong></span> <span class='ocrx_word' id='word_1_120' title='bbox 552 2216 643 2282; x_wconf 86' lang='lat' dir='ltr'><strong>ultra</strong></span> <span class='ocrx_word' id='word_1_121' title='bbox 663 2239 771 2302; x_wconf 88' lang='lat' dir='ltr'><strong>usque</strong></span> <span class='ocrx_word' id='word_1_122' title='bbox 792 2216 835 2283; x_wconf 90' lang='lat' dir='ltr'><strong>ad</strong></span> <span class='ocrx_word' id='word_1_123' title='bbox 851 2216 1002 2283; x_wconf 88' lang='lat' dir='ltr'><strong>medium</strong></span> <span class='ocrx_word' id='word_1_124' title='bbox 1019 2219 1143 2291; x_wconf 84' lang='lat' dir='ltr'><strong>interl</strong></span> <span class='ocrx_word' id='word_1_125' title='bbox 1158 2224 1192 2283; x_wconf 91' lang='lat' dir='ltr'><strong>et</strong></span> <span class='ocrx_word' id='word_1_126' title='bbox 1205 2219 1251 2300; x_wconf 74' lang='lat' dir='ltr'><strong>K,</strong></span> <span class='ocrx_word' id='word_1_127' title='bbox 1266 2218 1390 2283; x_wconf 89' lang='lat' dir='ltr'><strong>deindo</strong></span> 
     </span>
     <span class='ocr_line' id='line_1_16' title="bbox 180 2342 1390 2430; baseline 0 -24"><span class='ocrx_word' id='word_1_128' title='bbox 180 2344 221 2406; x_wconf 80' lang='lat'><strong>15</strong></span> <span class='ocrx_word' id='word_1_129' title='bbox 245 2342 456 2423; x_wconf 86' lang='lat' dir='ltr'><strong>intertium,</strong></span> <span class='ocrx_word' id='word_1_130' title='bbox 486 2342 646 2429; x_wconf 88' lang='lat' dir='ltr'><strong>ponendo</strong></span> <span class='ocrx_word' id='word_1_131' title='bbox 677 2344 844 2428; x_wconf 87' lang='lat' dir='ltr'><strong>angulum</strong></span> <span class='ocrx_word' id='word_1_132' title='bbox 873 2342 903 2406; x_wconf 91' lang='lat' dir='ltr'><strong>B</strong></span> <span class='ocrx_word' id='word_1_133' title='bbox 931 2343 1023 2407; x_wconf 89' lang='lat' dir='ltr'><strong>inter</strong></span> <span class='ocrx_word' id='word_1_134' title='bbox 1052 2343 1082 2406; x_wconf 91' lang='lat' dir='ltr'><strong>B</strong></span> <span class='ocrx_word' id='word_1_135' title='bbox 1102 2342 1232 2430; x_wconf 83' lang='lat' dir='ltr'><strong>figurae</strong></span> <span class='ocrx_word' id='word_1_136' title='bbox 1253 2343 1284 2406; x_wconf 92' lang='lat' dir='ltr'><strong>A</strong></span> <span class='ocrx_word' id='word_1_137' title='bbox 1303 2349 1338 2407; x_wconf 89' lang='lat' dir='ltr'><strong>et</strong></span> <span class='ocrx_word' id='word_1_138' title='bbox 1359 2343 1390 2406; x_wconf 88' lang='lat' dir='ltr'>D</span> 
     </span>
     <span class='ocr_line' id='line_1_17' title="bbox 245 2466 1390 2553; baseline 0 -21"><span class='ocrx_word' id='word_1_139' title='bbox 245 2468 376 2553; x_wconf 88' lang='lat' dir='ltr'><strong>figurae</strong></span> <span class='ocrx_word' id='word_1_140' title='bbox 394 2467 561 2550; x_wconf 85' lang='lat' dir='ltr'><strong>eiusdem,</strong></span> <span class='ocrx_word' id='word_1_141' title='bbox 583 2466 731 2532; x_wconf 86' lang='lat' dir='ltr'><strong>videndo</strong></span> <span class='ocrx_word' id='word_1_142' title='bbox 757 2467 989 2534; x_wconf 80' lang='lat' dir='ltr'><strong>differentiam</strong></span> <span class='ocrx_word' id='word_1_143' title='bbox 1020 2468 1111 2533; x_wconf 90' lang='lat' dir='ltr'><strong>inter</strong></span> <span class='ocrx_word' id='word_1_144' title='bbox 1135 2468 1326 2533; x_wconf 88' lang='lat' dir='ltr'><strong>bonitatem</strong></span> <span class='ocrx_word' id='word_1_145' title='bbox 1356 2475 1390 2533; x_wconf 86' lang='lat' dir='ltr'><strong>et</strong></span> 
     </span>
     <span class='ocr_line' id='line_1_18' title="bbox 244 2592 1390 2679; baseline 0 -22"><span class='ocrx_word' id='word_1_146' title='bbox 244 2593 475 2676; x_wconf 56' lang='lat' dir='ltr'><strong>iterationem,</strong></span> <span class='ocrx_word' id='word_1_147' title='bbox 498 2593 590 2658; x_wconf 89' lang='lat' dir='ltr'><strong>inter</strong></span> <span class='ocrx_word' id='word_1_148' title='bbox 609 2592 634 2656; x_wconf 83' lang='grc' dir='ltr'>Ο</span> <span class='ocrx_word' id='word_1_149' title='bbox 655 2600 689 2657; x_wconf 91' lang='lat' dir='ltr'><strong>et</strong></span> <span class='ocrx_word' id='word_1_150' title='bbox 707 2593 748 2674; x_wconf 84' lang='lat' dir='ltr'><strong>E,</strong></span> <span class='ocrx_word' id='word_1_151' title='bbox 771 2593 862 2658; x_wconf 89' lang='lat' dir='ltr'><strong>inter</strong></span> <span class='ocrx_word' id='word_1_152' title='bbox 889 2593 1167 2679; x_wconf 85' lang='lat' dir='ltr'><strong>magnitudinem</strong></span> <span class='ocrx_word' id='word_1_153' title='bbox 1186 2600 1221 2657; x_wconf 90' lang='lat' dir='ltr'><strong>et</strong></span> <span class='ocrx_word' id='word_1_154' title='bbox 1240 2599 1390 2679; x_wconf 84' lang='lat' dir='ltr'><strong>potesta-</strong></span> 
     </span>
     <span class='ocr_line' id='line_1_19' title="bbox 245 2717 1390 2804; baseline -0.001 -21"><span class='ocrx_word' id='word_1_155' title='bbox 245 2726 333 2802; x_wconf 89' lang='lat' dir='ltr'><strong>tem,</strong></span> <span class='ocrx_word' id='word_1_156' title='bbox 355 2719 457 2783; x_wconf 89' lang='lat' dir='ltr'><strong>etita</strong></span> <span class='ocrx_word' id='word_1_157' title='bbox 481 2718 658 2804; x_wconf 77' lang='lat' dir='ltr'><strong>deincepS,</strong></span> <span class='ocrx_word' id='word_1_158' title='bbox 679 2741 741 2782; x_wconf 89' lang='lat' dir='ltr'><strong>neo</strong></span> <span class='ocrx_word' id='word_1_159' title='bbox 773 2718 886 2783; x_wconf 87' lang='lat' dir='ltr'><strong>minus</strong></span> <span class='ocrx_word' id='word_1_160' title='bbox 915 2717 958 2783; x_wconf 84' lang='lat' dir='ltr'><strong>ad</strong></span> <span class='ocrx_word' id='word_1_161' title='bbox 989 2717 1074 2782; x_wconf 87' lang='lat' dir='ltr'><strong>alias</strong></span> <span class='ocrx_word' id='word_1_162' title='bbox 1104 2717 1390 2802; x_wconf 84' lang='lat' dir='ltr'><strong>aequidistantias</strong></span> 
     </span>
     <span class='ocr_line' id='line_1_20' title="bbox 244 2842 1390 2929; baseline 0.001 -23"><span class='ocrx_word' id='word_1_163' title='bbox 244 2843 486 2908; x_wconf 89' lang='lat' dir='ltr'><strong>interiioiendo</strong></span> <span class='ocrx_word' id='word_1_164' title='bbox 507 2843 671 2925; x_wconf 89' lang='lat' dir='ltr'><strong>medium,</strong></span> <span class='ocrx_word' id='word_1_165' title='bbox 690 2842 727 2907; x_wconf 93' lang='lat' dir='ltr'><strong>in</strong></span> <span class='ocrx_word' id='word_1_166' title='bbox 743 2849 920 2929; x_wconf 86' lang='lat' dir='ltr'><strong>quartum,</strong></span> <span class='ocrx_word' id='word_1_167' title='bbox 938 2843 1116 2927; x_wconf 85' lang='lat' dir='ltr'><strong>quintum,</strong></span> <span class='ocrx_word' id='word_1_168' title='bbox 1134 2849 1269 2907; x_wconf 85' lang='lat' dir='ltr'><strong>sextum</strong></span> <span class='ocrx_word' id='word_1_169' title='bbox 1286 2849 1390 2927; x_wconf 80' lang='lat' dir='ltr'><strong>atque</strong></span> 
     </span>
     <span class='ocr_line' id='line_1_21' title="bbox 177 2966 1390 3056; baseline -0.004 -22"><span class='ocrx_word' id='word_1_170' title='bbox 177 2971 222 3034; x_wconf 81' lang='lat'><strong>20</strong></span> <span class='ocrx_word' id='word_1_171' title='bbox 245 2969 441 3056; x_wconf 89' lang='lat' dir='ltr'><strong>septimum.</strong></span> <span class='ocrx_word' id='word_1_172' title='bbox 467 2969 583 3034; x_wconf 82' lang='lat' dir='ltr'><strong>Tertio</strong></span> <span class='ocrx_word' id='word_1_173' title='bbox 606 2991 669 3055; x_wconf 89' lang='lat' dir='ltr'><strong>per</strong></span> <span class='ocrx_word' id='word_1_174' title='bbox 689 2968 921 3055; x_wconf 83' lang='lat' dir='ltr'><strong>acceptionem</strong></span> <span class='ocrx_word' id='word_1_175' title='bbox 943 2967 1169 3033; x_wconf 88' lang='lat' dir='ltr'><strong>terminorum</strong></span> <span class='ocrx_word' id='word_1_176' title='bbox 1193 2966 1390 3033; x_wconf 81' lang='lat' dir='ltr'><strong>altitudinis</strong></span> 
     </span>
     <span class='ocr_line' id='line_1_22' title="bbox 244 3091 1390 3180; baseline -0.003 -22"><span class='ocrx_word' id='word_1_177' title='bbox 244 3102 279 3158; x_wconf 90' lang='lat' dir='ltr'><strong>et</strong></span> <span class='ocrx_word' id='word_1_178' title='bbox 298 3093 528 3179; x_wconf 86' lang='lat' dir='ltr'><strong>longitudinis</strong></span> <span class='ocrx_word' id='word_1_179' title='bbox 544 3095 655 3159; x_wconf 83' lang='lat' dir='ltr'><strong>scalae</strong></span> <span class='ocrx_word' id='word_1_180' title='bbox 671 3093 840 3178; x_wconf 84' lang='lat' dir='ltr'><strong>eiusdem,</strong></span> <span class='ocrx_word' id='word_1_181' title='bbox 856 3116 942 3177; x_wconf 89' lang='lat' dir='ltr'><strong>quae</strong></span> <span class='ocrx_word' id='word_1_182' title='bbox 954 3115 995 3157; x_wconf 84' lang='lat' dir='ltr'><strong>ex</strong></span> <span class='ocrx_word' id='word_1_183' title='bbox 1014 3091 1301 3180; x_wconf 85' lang='lat' dir='ltr'><strong>praecedent-ibus</strong></span> <span class='ocrx_word' id='word_1_184' title='bbox 1314 3113 1390 3178; x_wconf 84' lang='lat' dir='ltr'><strong>pos-</strong></span> 
     </span>
     <span class='ocr_line' id='line_1_23' title="bbox 245 3217 1389 3303; baseline -0.003 -20"><span class='ocrx_word' id='word_1_185' title='bbox 245 3226 325 3284; x_wconf 89' lang='lat' dir='ltr'><strong>sunt</strong></span> <span class='ocrx_word' id='word_1_186' title='bbox 345 3218 649 3288; x_wconf 86' lang='lat' dir='ltr'><strong>essemauifestae.</strong></span> <span class='ocrx_word' id='word_1_187' title='bbox 670 3219 746 3284; x_wconf 87' lang='lat' dir='ltr'><strong>Hoc</strong></span> <span class='ocrx_word' id='word_1_188' title='bbox 773 3218 864 3303; x_wconf 88' lang='lat' dir='ltr'><strong>quod</strong></span> <span class='ocrx_word' id='word_1_189' title='bbox 892 3217 1042 3282; x_wconf 85' lang='lat' dir='ltr'><strong>diximus</strong></span> <span class='ocrx_word' id='word_1_190' title='bbox 1073 3217 1114 3282; x_wconf 91' lang='lat' dir='ltr'><strong>de</strong></span> <span class='ocrx_word' id='word_1_191' title='bbox 1139 3217 1267 3301; x_wconf 85' lang='lat' dir='ltr'><strong>angulo</strong></span> <span class='ocrx_word' id='word_1_192' title='bbox 1286 3217 1329 3299; x_wconf 91' lang='lat' dir='ltr'><strong>B,</strong></span> <span class='ocrx_word' id='word_1_193' title='bbox 1349 3217 1389 3281; x_wconf 81' lang='lat' dir='ltr'><strong>de</strong></span> 
     </span>
     <span class='ocr_line' id='line_1_24' title="bbox 244 3340 1390 3430; baseline -0.004 -21"><span class='ocrx_word' id='word_1_194' title='bbox 244 3344 322 3409; x_wconf 91' lang='lat' dir='ltr'><strong>aliis</strong></span> <span class='ocrx_word' id='word_1_195' title='bbox 342 3343 501 3409; x_wconf 82' lang='lat' dir='ltr'><strong>omnibus</strong></span> <span class='ocrx_word' id='word_1_196' title='bbox 520 3343 776 3429; x_wconf 85' lang='lat' dir='ltr'><strong>triangulorum</strong></span> <span class='ocrx_word' id='word_1_197' title='bbox 801 3343 838 3407; x_wconf 95' lang='lat' dir='ltr'><strong>in</strong></span> <span class='ocrx_word' id='word_1_198' title='bbox 856 3342 1032 3430; x_wconf 88' lang='lat' dir='ltr'><strong>praesenti</strong></span> <span class='ocrx_word' id='word_1_199' title='bbox 1063 3342 1175 3427; x_wconf 88' lang='lat' dir='ltr'><strong>figura</strong></span> <span class='ocrx_word' id='word_1_200' title='bbox 1206 3340 1390 3427; x_wconf 85' lang='lat' dir='ltr'><strong>complica·</strong></span> 
     </span>
     <span class='ocr_line' id='line_1_25' title="bbox 245 3467 1390 3556; baseline -0.003 -22"><span class='ocrx_word' id='word_1_201' title='bbox 245 3477 359 3535; x_wconf 87' lang='lat' dir='ltr'><strong>torum</strong></span> <span class='ocrx_word' id='word_1_202' title='bbox 379 3469 516 3556; x_wconf 85' lang='lat' dir='ltr'><strong>angulis</strong></span> <span class='ocrx_word' id='word_1_203' title='bbox 540 3469 671 3533; x_wconf 86' lang='lat' dir='ltr'><strong>dictum</strong></span> <span class='ocrx_word' id='word_1_204' title='bbox 700 3467 927 3554; x_wconf 89' lang='lat' dir='ltr'><strong>intelligatur.</strong></span> <span class='ocrx_word' id='word_1_205' title='bbox 956 3467 1237 3554; x_wconf 85' lang='lat' dir='ltr'><strong>Multiplicantur</strong></span> <span class='ocrx_word' id='word_1_206' title='bbox 1267 3472 1390 3551; x_wconf 84' lang='lat' dir='ltr'><strong>quarto</strong></span> 
     </span>
     <span class='ocr_line' id='line_1_26' title="bbox 178 3592 1391 3681; baseline -0.002 -22"><span class='ocrx_word' id='word_1_207' title='bbox 178 3597 222 3660; x_wconf 74' lang='lat'><strong>25</strong></span> <span class='ocrx_word' id='word_1_208' title='bbox 246 3595 397 3661; x_wconf 81' lang='lat' dir='ltr'><strong>eiusdem</strong></span> <span class='ocrx_word' id='word_1_209' title='bbox 417 3595 549 3681; x_wconf 87' lang='lat' dir='ltr'><strong>figurae</strong></span> <span class='ocrx_word' id='word_1_210' title='bbox 568 3593 709 3659; x_wconf 84' lang='lat' dir='ltr'><strong>termini</strong></span> <span class='ocrx_word' id='word_1_211' title='bbox 728 3616 790 3680; x_wconf 85' lang='lat' dir='ltr'><strong>per</strong></span> <span class='ocrx_word' id='word_1_212' title='bbox 813 3593 998 3659; x_wconf 91' lang='lat' dir='ltr'><strong>eorundem</strong></span> <span class='ocrx_word' id='word_1_213' title='bbox 1022 3615 1063 3657; x_wconf 83' lang='lat' dir='ltr'><strong>ex</strong></span> <span class='ocrx_word' id='word_1_214' title='bbox 1082 3593 1210 3677; x_wconf 85' lang='lat' dir='ltr'><strong>regulis</strong></span> <span class='ocrx_word' id='word_1_215' title='bbox 1229 3592 1391 3657; x_wconf 87' lang='lat' dir='ltr'><strong>informa·</strong></span> 
     </span>
    </p>
   </div>
   <div class='ocr_carea' id='block_1_5' title="bbox 246 3717 1230 3807">
    <p class='ocr_par' dir='ltr' id='par_1_5' title="bbox 246 3717 1230 3807">
     <span class='ocr_line' id='line_1_27' title="bbox 246 3717 1230 3807; baseline -0.002 -23"><span class='ocrx_word' id='word_1_216' title='bbox 246 3720 390 3807; x_wconf 90' lang='lat' dir='ltr'><strong>tionem,</strong></span> <span class='ocrx_word' id='word_1_217' title='bbox 412 3722 524 3806; x_wconf 87' lang='lat' dir='ltr'><strong>qualis</strong></span> <span class='ocrx_word' id='word_1_218' title='bbox 543 3720 580 3784; x_wconf 94' lang='lat' dir='ltr'><strong>in</strong></span> <span class='ocrx_word' id='word_1_219' title='bbox 600 3719 755 3807; x_wconf 84' lang='lat' dir='ltr'><strong>proxime</strong></span> <span class='ocrx_word' id='word_1_220' title='bbox 776 3718 930 3783; x_wconf 87' lang='lat' dir='ltr'><strong>dicendis</strong></span> <span class='ocrx_word' id='word_1_221' title='bbox 950 3719 1016 3784; x_wconf 88' lang='lat' dir='ltr'><strong>erit</strong></span> <span class='ocrx_word' id='word_1_222' title='bbox 1035 3717 1230 3784; x_wconf 84' lang='lat' dir='ltr'><strong>manifesta.</strong></span> 
     </span>
    </p>
   </div>
   <div class='ocr_carea' id='block_1_6' title="bbox 338 4049 662 4105">
    <p class='ocr_par' dir='ltr' id='par_1_6' title="bbox 338 4049 662 4105">
     <span class='ocr_line' id='line_1_28' title="bbox 338 4049 662 4105; baseline -0.006 -1"><span class='ocrx_word' id='word_1_223' title='bbox 338 4049 662 4105; x_wconf 70' lang='lat' dir='ltr'><strong>bellthidestAG</strong></span> 
     </span>
    </p>
   </div>
   <div class='ocr_carea' id='block_1_7' title="bbox 0 0 1712 5122">
    <p class='ocr_par' dir='ltr' id='par_1_7' title="bbox 0 0 1712 5122">
     <span class='ocr_line' id='line_1_29' title="bbox 0 0 1712 5122; baseline 0 0"><span class='ocrx_word' id='word_1_224' title='bbox 0 0 1712 5122; x_wconf 95' lang='lat' dir='ltr'><strong> </strong></span> 
     </span>
    </p>
   </div>
  </div>
 </body>
</html>
