3414 5122
571 432 616 477 DE
637 430 792 477 taurana
813 430 1070 479 couuluaroulu.

424 693 488 758 DE
519 693 793 760 MVLTIPLIOI
826 695 909 760 VIA
942 694 1214 761 DOCTRINAE
1410 697 1508 760 111¹·

253 819 311 884 ΕΤ
335 819 484 885 MEDIO
509 820 573 884 AD
602 819 1003 888 DEMONSTRATI-VE
1027 821 1389 888 OONOLVSIONFJM

562 947 888 1013 INFERENDAM.
922 951 1000 1015 Cur.
1026 950 1085 1014 IV.

743 1185 762 1225 1.
778 1186 911 1225 Murnbrum.

206 1376 226 1439 5
339 1375 491 1460 Esupra
510 1372 611 1438 dictis
630 1371 835 1438 facillimum
858 1396 931 1439 esse
959 1379 1095 1438 constat
1124 1372 1391 1438 innumerabilia

250 1506 302 1581 (ut
320 1506 355 1564 et
383 1496 651 1564 innumerabiles
680 1496 752 1562 fere
781 1504 863 1562 sunt
886 1497 1040 1580 termini,
1060 1505 1094 1562 et
1118 1498 1214 1563 velut
1233 1496 1390 1562 infinitae

249 1625 476 1691 terminorum
497 1622 781 1708 combinationes)
800 1622 843 1688 ad
863 1622 995 1708 aliquid
1014 1622 1286 1689 concludendum
1311 1622 1394 1688 asei-

250 1773 343 1816 scere
362 1773 423 1816 nos
441 1772 541 1836 posse
559 1748 686 1830 media3
706 1749 774 1813 iam
794 1748 927 1833 aliquid
945 1748 1057 1814 obiter
1075 1749 1117 1814 de
1145 1748 1298 1836 ipsorum
1317 1771 1393 1835 spe·

251 1878 367 1942 ciebus
387 1875 430 1940 ad
449 1873 677 1940 diversimode
705 1896 768 1960 pro
798 1873 1029 1939 subiectorum
1060 1873 1318 1959 mediorumque
1342 1872 1392 1937 di·

187 2008 228 2071 10
250 2000 414 2066 versitate
432 1978 737 2065 demonstrandum
757 1999 879 2065 allerre
899 2022 967 2064 non
987 1999 1116 2085 pigeat.
1137 1999 1236 2076 Quod
1252 1999 1295 2064 ob
1315 2021 1390 2063 earu

250 2126 398 2192 maxime
418 2147 555 2190 causam
573 2125 769 2190 faciendum
789 2124 956 2208 ducimus,
982 2124 1064 2211 quia
1093 2125 1281 2208 (asinorum
1312 2147 1393 2210 quo·

249 2251 395 2318 tundam
414 2250 551 2316 iudiciis
568 2250 832 2337 praetermissis,
854 2250 914 2336 qui
932 2250 1061 2316 brutali
1086 2250 1234 2336 quadam
1259 2252 1394 2316 temeri-

250 2386 322 2442 tate
341 2399 381 2442 ea
400 2397 546 2461 quorum
565 2376 632 2463 ipsi
651 2376 783 2441 nullam
798 2375 924 2441 habere
938 2384 1082 2463 possunt
1101 2377 1285 2455 rationem,
1301 2399 1391 2441 vana

250 2525 312 2589 per
330 2524 365 2566 se
384 2501 460 2587 ipsa
480 2500 602 2565 volunt
622 2500 779 2584 iudicari)
795 2500 904 2587 ntiqui
922 2501 1089 2568 nonnullo
1108 2500 1251 2588 ingenio
1270 2498 1390 2565 donati

188 2638 228 2702 15
251 2629 288 2693 in
307 2650 346 2693 eo
362 2627 437 2714 ipso
455 2626 534 2691 huic
553 2626 620 2691 arti
640 2626 842 2710 detrahunt,
862 2627 899 2691 in
919 2649 986 2712 qno
1007 2627 1155 2692 maxime
1175 2625 1393 2693 convincitur

251 2754 423 2818 excellere.
444 2756 449 2840 Ι
470 2752 569 2829 Quod
588 2776 670 2818 sane
689 2752 732 2818 ab
751 2752 799 2818 eis
819 2751 895 2818 ideo
913 2753 1044 2818 factum
1059 2775 1131 2817 esse
1147 2758 1299 2833 constat,
1314 2751 1396 2837 quie
1418 2758 1452 2820 h
1472 2756 1515 2818 1v

250 2902 367 2945 eorum
386 2879 427 2944 de
446 2886 520 2944 arte
538 2878 605 2944 ista
625 2877 713 2943 ratio
733 2900 772 2943 eo
791 2901 900 2964 usque
919 2878 1155 2944 conscendisse
1174 2899 1245 2942 non
1263 2876 1390 2963 potuit,

252 3004 342 3069 unde
362 3003 458 3069 velut
476 3028 494 3069 e
514 3004 618 3069 densa
638 3003 807 3090 nigraque
826 3002 921 3068 silice
940 3003 1057 3069 lumen
1077 3003 1260 3090 ignemque
1280 3002 1391 3067 subla·

252 3137 439 3195 tescentcm
459 3136 667 3195 excuterent.
688 3130 740 3193 Ex
757 3129 799 3194 iis
816 3151 924 3194 unum
940 3128 1025 3193 mihi
1042 3127 1171 3214 alioqui
1190 3149 1260 3192 non
1279 3127 1393 3191 admo·

187 3263 232 3326 20
256 3253 337 3319 dum
366 3254 518 3340 vulgaris
550 3253 681 3340 ingenii
710 3262 812 3340 atque
836 3253 956 3318 iudicii
986 3252 1113 3318 vidisse
1142 3251 1257 3334 licuit,
1278 3252 1395 3339 quiin

254 3381 343 3446 libro
360 3382 517 3466 quodam,
538 3381 598 3466 qui
618 3381 674 3444 De
697 3381 883 3445 vanitate
908 3379 1173 3446 scientiarum
1193 3379 1396 3445 inscribitur

257 3507 329 3588 (ubi
353 3506 475 3572 titulus
504 3507 577 3594 ipse
608 3507 708 3591 quale
741 3505 786 3571 sit
816 3505 854 3570 in
883 3504 994 3592 operis
1024 3527 1208 3592 progressu
1228 3504 1395 3585 studium,

255 3633 334 3720 plus
359 3634 578 3718 quamsatis,
600 3631 740 3696 nisime
770 3631 859 3697 forte
888 3632 1021 3697 ironica
1050 3631 1111 3696 illa
1142 3631 1292 3696 eiusdem
1312 3630 1395 3695 libri

258 3757 431 3823 conclusio
459 3757 572 3839 t'allat,
599 3757 794 3844 expressit),
819 3757 907 3821 hanc
934 3763 1042 3821 artem
1073 3756 1188 3841 inquit
1219 3756 1256 3820 in
1284 3755 1396 3841 copia,

191 3886 234 3949 25
258 3883 389 3966 ordine,
410 3883 640 3949 ostentatione
669 3891 703 3948 et
731 3883 840 3948 veluti
864 3881 1011 3968 quadam
1035 3881 1251 3947 fimbriarum
1274 3880 1398 3944 dilata·

258 4008 351 4073 tione
380 4010 582 4092 consistere,
608 4011 658 4074 ita
689 4016 727 4073 ut
757 4031 826 4073 nou
863 4008 1044 4073 scientiam
1081 4014 1115 4071 et
1148 4007 1300 4092 aliquam
1334 4029 1400 4071 ma·

350 4347 444 4396 dour.
463 4346 499 4395 11.
516 4345 630 4396 AA²”³G
694 4345 958 4398 [Sedecisoeretl
1022 4345 1230 4399 ao‘oornuium
1244 4345 1397 4411 Aprippam

258 4423 346 4477 innuit
356 4427 479 4477 Brunca*
490 4432 591 4476 annoto
601 4425 640 4490 G,
654 4442 667 4477 a
679 4427 844 4478 ‘Cornelius
856 4427 999 4494 Agrippa’
1013 4427 1102 4479 banno
1116 4427 1145 4478 in
1159 4429 1280 4494 marqiue
1294 4429 1397 4494 Art-ff,

258 4508 294 4575 cs.
310 4506 426 4576 agripp.
443 4509 483 4558 De
501 4505 588 4559 l'anit.
602 4505 692 4560 setene.
707 4524 729 4559 c.
743 4509 760 4558 9
821 4510 853 4561 26
869 4523 927 4560 nou
947 4516 1031 4570 (tam)
1051 4510 1201 4562 scientiam
1214 4509 1362 4562 cunradus}
