3414 5122
306 455 364 515 188
705 503 707 506 .
745 467 885 513 10011101
906 467 1008 513 naum

305 632 495 714 temperate
520 623 650 712 frigido
668 624 807 708 nudati,
826 625 913 691 illud
936 632 1131 713 praestant,
1151 634 1191 691 ut
1210 627 1322 693 calore
1342 627 1445 693 dictis

305 750 574 818 circumstantiis
613 750 783 816 medicato
816 751 859 815 ad
897 751 1034 816 interna
1068 758 1202 817 retruso
1230 758 1449 834 recurrente,

306 900 451 964 cumque
470 876 642 944 attenuati
670 875 782 961 adipis
812 875 938 963 spiritu
958 876 1071 942 carnis
1100 884 1306 963 penetrante
1330 898 1447 964 porca,

304 1027 387 1070 vasa
402 1003 560 1069 libidinis
576 1002 677 1068 facile
693 1003 926 1067 intumescant
940 1001 1101 1088 lenteque
1117 1003 1304 1069 artificioso
1316 1002 1448 1068 semine

260 1134 281 1196 5
305 1130 554 1217 compleantur.
578 1128 724 1193 Interim
751 1128 788 1193 in
812 1151 1035 1194 venerearum
1058 1128 1334 1212 meditationem,
1353 1104 1448 1215 'quae

305 1278 325 1322 a
344 1255 569 1343 praecedente
587 1255 763 1343 proposito
782 1254 1025 1342 praesentique
1044 1254 1185 1320 stimulo
1205 1262 1447 1339 concausatur,

303 1380 457 1464 incitati,
481 1380 594 1446 lenem
623 1378 807 1464 quamdam
836 1379 1135 1466 horripilationem
1163 1380 1359 1464 incurrunt,
1386 1403 1448 1466 per

303 1528 406 1592 quam
425 1505 510 1571 adeo
526 1504 609 1571 forti
627 1503 867 1592 phantasticae
887 1504 1110 1592 cogitationis
1129 1505 1222 1571 actui
1241 1506 1446 1591 alligantur,

302 1639 342 1699 ut
359 1633 452 1697 lente
470 1654 531 1718 per
549 1632 690 1718 longam
717 1631 829 1697 noctis
848 1652 980 1697 moram
998 1630 1240 1717 libidinojsam
1258 1632 1447 1700 ventosite-
1471 1643 1496 1692 e
1515 1630 1567 1694 '7‘

237 1758 280 1822 10
300 1764 426 1825 temet
452 1780 592 1824 succum
611 1758 830 1845 egerentibus
854 1758 952 1845 ipsis,
973 1765 1157 1845 postquam
1186 1758 1444 1845 evigilaverint,

302 1884 394 1970 quod
411 1883 450 1949 in
468 1883 590 1950 iisdem
609 1883 768 1969 vestigiis
785 1883 1056 1970 permanserint,
1077 1883 1193 1949 nullus
1217 1891 1269 1949 est
1289 1884 1350 1969 qui
1369 1908 1445 1951 sua·

301 2008 380 2075 dere
398 2007 529 2090 valeat;
555 2008 664 2073 menti
684 2008 811 2094 quippe
832 2008 937 2073 fixum
956 2006 1101 2093 habent,
1122 2032 1158 2073 se
1185 2008 1229 2073 ad
1247 2030 1348 2075 veros
1368 2032 1446 2075 con-

300 2133 495 2221 cupitarum
534 2133 688 2198 virorum
721 2133 777 2198 vel
813 2133 996 2198 mulierum
1035 2139 1224 2199 nocturnos
1264 2133 1445 2221 amplexus

300 2258 439 2325 delatos.
470 2258 516 2324 Et
535 2256 625 2324 00110
645 2257 831 2324 verisimile
861 2265 895 2323 et
915 2264 1060 2324 naturae
1079 2266 1350 2325 consentaneum
1369 2282 1444 2325 esse

235 2385 276 2448 15
300 2383 450 2491 videtur,
474 2390 514 2449 ut
543 2383 685 2449 interim
714 2405 785 2448 non
810 2383 946 2449 modica
973 2384 1171 2450 afficiantur
1197 2385 1443 2467 delectatione3

300 2508 437 2575 effluxio
467 2509 596 2596 quippe
626 2529 697 2573 non
727 2515 767 2573 ut
796 2508 936 2574 100010
968 2508 1135 2575 ordinarii
1158 2509 1268 2575 coitus
1293 2516 1444 2576 matura-

299 2641 371 2719 tur,
392 2634 451 2701 sed
481 2634 557 2700 ideo
577 2634 684 2700 serior
712 2633 860 2699 efficitur
890 2642 994 2719 atque
1024 2633 1164 2717 lentior,
1196 2634 1277 2719 quia
1301 2655 1443 2721 corpore

300 2760 510 2845 quiescente,
542 2761 614 2825 solo
644 2759 866 2845 cogitationis
897 2767 1009 2843 motu,
1038 2759 1223 2846 peregrina
1253 2759 1445 2825 ventositas

297 2882 497 2970 alienusque
514 2883 638 2950 humor
660 2883 824 2948 continua
842 2884 1004 2969 lentaque
1023 2883 1199 2970 egestione
1218 2906 1280 2970 per
1298 2906 1381 2949 vasa
1405 2883 1445 2947 li·

233 3012 277 3074 20
299 3009 429 3075 bidinis
448 3009 734 3074 0011100101.Εο
750 3031 855 3073 unam
870 3008 912 3073 de
927 3008 1103 3074 inmundis
1116 3008 1223 3075 animi
1237 3007 1444 3074 contractio·

300 3135 414 3217 nibus,
426 3135 469 3200 ad
489 3157 592 3220 quarn
608 3134 763 3200 sufficere
778 3133 938 3199 novimus
957 3143 1083 3216 artem,
1103 3136 1262 3219 quaeve]
1280 3142 1444 3200 naturam

301 3259 430 3347 dirigat
447 3261 503 3325 vel
524 3262 528 3348 l
549 3267 693 3325 naturae
707 3259 865 3346 operanti
884 3259 1133 3324 subministret.
1156 3259 1305 3325 Suadere
1320 3268 1439 3325 tamen
1465 3259 1574 3324 576

300 3385 412 3452 solent
431 3384 535 3470 (quod
554 3392 590 3450 et
608 3386 694 3450 tales
713 3384 950 3471 voluptuarios
970 3385 1037 3451 sibi
1056 3384 1199 3450 suadere
1217 3385 1307 3451 forte
1327 3407 1446 3450 neces-

301 3533 377 3576 sum
395 3515 460 3590 est)
480 3510 522 3575 ad
541 3510 625 3575 haec
643 3510 848 3575 (1001000010
867 3510 1134 3596 cooperatricem
1150 3511 1345 3597 potentiam
1365 3532 1444 3575 con·

235 3641 278 3705 15
301 3634 404 3718 10110,
438 3634 529 3720 quod
561 3641 600 3700 ut
635 3634 799 3700 credibile
832 3633 976 3719 faciant,
1009 3631 1215 3701 celebribus¹
1236 3635 1444 3720 quibusdam

301 3761 429 3846 verbis,
450 3783 538 3846 quae
566 3761 676 3826 veluti
695 3783 792 3826 sacra
822 3760 1028 3844 habeantur,
1053 3761 1200 3846 aliisque
1231 3783 1294 3847 pro
1312 3761 1444 3825 latente

301 3885 555 3973 significatione
588 3885 770 3972 suspectis,
805 3885 894 3951 sicut
928 3895 963 3951 et
996 3886 1070 3951 sine
1107 3886 1242 3952 ratione
1277 3885 1445 3951 adhibitis

301 4013 409 4099 gestis
424 4013 674 4099 superstitiosis
692 4021 797 4097 atque
815 4012 907 4077 notis
924 4020 1083 4095 utuntnr;
1102 4035 1191 4098 (luae
1210 4013 1349 4097 quidem
1367 4034 1444 4076 cum

301 4161 363 4226 per
382 4161 454 4205 sese
472 4138 524 4203 nil
545 4160 686 4224 prorsus
706 4137 831 4203 addere
853 4139 1008 4218 valeant,
1028 4138 1101 4204 eius
1125 4146 1243 4204 tamen
1273 4138 1310 4202 in
1330 4137 1446 4203 animo

392 4374 487 4433 2<ac)
506 4377 674 4424 recurrente
696 4372 719 4424 (l
782 4373 956 4436 lqunndam
981 4371 1005 4421 G
1069 4373 1167 4422 80010
1188 4370 1213 4419 G
1277 4370 1356 4420 tull
1374 4367 1445 4434 ipsis

303 4455 464 4520 (postquam
482 4454 693 4518 evigilaverint)
715 4453 792 4518 quod
814 4452 867 4503 Po
929 4452 961 4501 20
987 4452 1133 4503 emittitur
1155 4450 1179 4502 0
1244 4449 1398 4500 immundis
1424 4448 1446 4498 (ι’

301 4536 332 4586 24
349 4535 502 4587 demonum
516 4534 543 4585 P
