3414 5122
320 400 377 457 168
758 414 897 458 rounam
919 415 1020 460 nnvm

318 569 428 655 cupis,
448 570 620 655 optimum
648 576 792 634 naturae
811 568 908 635 ducis
928 571 1066 635 consule
1097 569 1351 654 magisterium,
1373 592 1460 654 quae

317 694 360 760 ab
381 695 573 760 extrinseca
594 694 669 780 lupi
697 695 808 780 figura
828 703 862 759 et
885 695 1082 761 visibilibus
1113 695 1286 761 duntaxat
1310 695 1460 761 delinea-

316 820 456 903 mentis,
478 819 685 884 inimicitiae
706 819 1013 907 apprehensionem
1042 821 1231 906 mortisque
1263 827 1391 887 metum
1411 820 1462 885 in·

315 944 425 1011 ternis
438 945 512 1011 ovis
530 945 688 1010 sensibus
701 944 858 1011 intrudit.
871 945 913 1010 Id
932 945 1162 1011 considerasse
1175 952 1227 1011 est
1239 945 1459 1031 principium,

272 1085 293 1150 5
317 1091 385 1154 quo
405 1070 570 1136 memoria
595 1070 747 1157 concipit
766 1077 800 1136 et
827 1092 890 1157 pro
909 1077 1063 1157 tempore
1085 1071 1242 1158 paritura
1266 1069 1405 1152 retinet,
1426 1077 1460 1133 et

318 1194 526 1278 quibusdam
554 1195 691 1261 levibus
714 1195 891 1282 speciebus
915 1219 976 1283 per
995 1196 1145 1279 oculum,
1177 1195 1285 1261 animi
1314 1194 1458 1259 affectus

317 1319 409 1385 varii
429 1327 697 1386 commoventur.

781 1579 886 1620 Secunda
900 1579 996 1620 cautela.
1485 1573 1593 1635 559

405 1805 457 1867 26.
482 1803 610 1869 Caveto
630 1802 790 1887 subinde,
812 1825 855 1867 ne
874 1824 1036 1889 corporeo
1060 1824 1190 1887 organo
1210 1805 1261 1883 (ut
1281 1801 1373 1866 fama
1397 1804 1462 1881 est)

253 1934 294 1996 10
318 1930 517 1995 memoriam
547 1931 727 2017 alligatam
757 1929 972 2013 existimans,
1002 1930 1101 2014 quasi
1136 1929 1247 2015 ipsam
1280 1929 1318 1993 in
1355 1929 1461 1993 intro-

315 2064 471 2144 spectum
489 2079 693 2144 provocans‚
714 2059 850 2123 animae
868 2055 1069 2121 facultatem
1099 2055 1291 2121 contrahas.
1315 2055 1357 2119 Id
1381 2055 1454 2139 qui-

315 2181 393 2248 dem
412 2182 554 2248 advenit
568 2183 626 2266 iis,
647 2183 706 2268 qui
723 2182 848 2248 clausis
867 2181 974 2247 oculis
991 2181 1152 2268 spiritum
1171 2181 1209 2245 in
1225 2188 1328 2266 caput
1348 2204 1460 2246 accer-

318 2315 447 2405 sentes,
481 2308 774 2374 reminiscentiam
809 2308 876 2375 sibi
911 2330 1107 2394 comparare
1141 2314 1176 2371 et
1204 2307 1458 2393 praeterlapsae

317 2456 478 2500 revocare
511 2435 568 2500 vel
600 2435 761 2502 confusas
793 2435 963 2501 discutere
999 2435 1262 2522 implicataeque
1298 2441 1458 2500 excutere

253 2563 294 2627 15
318 2561 448 2647 species
479 2567 671 2626 autumant.
702 2562 805 2627 Hand
840 2560 931 2626 enim
962 2584 1001 2626 ea
1035 2561 1110 2646 ipsa
1140 2560 1230 2625 actio
1262 2558 1458 2624 dissimulat

317 2686 472 2750 animum
502 2685 583 2751 inde
610 2686 654 2751 ad
686 2708 783 2752 suam
813 2685 1048 2773 operationem
1080 2684 1190 2770 magis
1219 2691 1323 2768 atque
1346 2684 1457 2769 magis

316 2810 487 2893 hebetari;
508 2819 638 2896 quanto
658 2811 751 2877 enirn
769 2813 848 2898 plns
867 2811 1035 2879 insistunt
1053 2819 1088 2875 et
1107 2818 1249 2895 urgent,
1269 2816 1368 2874 tanto
1389 2832 1458 2874 am·

315 2935 408 3020 plius
427 2935 619 3001 redduntur
636 2937 859 3002 immemores.
871 2937 974 3002 Mitto
988 2936 1133 3001 aliorum
1146 2934 1254 3000 animi
1271 2933 1457 2999 affectuum

316 3068 513 3147 suspectam
545 3068 579 3126 et
602 3061 834 3148 superciliosis
857 3061 1088 3126 damnabilem
1117 3058 1453 3130 cenlsiderationem.
1478 3062 1508 3123 d
1529 3062 1581 3123 3ν

247 3189 291 3251 20
315 3186 382 3251 Hic
406 3186 506 3252 modo
538 3186 663 3252 miselli
682 3210 821 3252 manum
844 3186 952 3252 fronti
980 3186 1177 3266 admovent,
1208 3207 1300 3249 nnnc
1320 3184 1458 3271 occiput

313 3312 529 3397 percutiunt,
546 3311 614 3376 iam
631 3312 742 3399 digito
758 3320 883 3377 testam
896 3312 1069 3399 scalpunt,
1083 3319 1117 3375 et
1133 3319 1250 3376 tamen
1267 3309 1330 3374 hoc
1343 3308 1456 3394 ipsum

314 3436 479 3502 continua
509 3443 658 3502 testatur
690 3438 917 3524 experientia,
948 3437 1039 3522 quod
1072 3459 1158 3521 quac
1190 3435 1287 3522 prius
1315 3434 1456 3499 remini-

314 3564 431 3631 scendi
451 3587 528 3652 spes
544 3564 677 3648 aderat,
697 3565 919 3630 interimitur.

402 3692 456 3755 27.
476 3693 522 3756 Et
541 3698 632 3756 certe
651 3690 766 3756 nescio
786 3690 869 3776 qnid
889 3689 1095 3756 sacramenti
1112 3688 1158 3753 sit
1177 3689 1214 3753 iu
1230 3710 1349 3771 uranu,
1368 3709 1455 3771 quae

246 3813 289 3876 25
313 3816 538 3903 temperatius
562 3815 764 3901 sobriusque
791 3815 944 3881 enutrito
968 3822 1002 3880 et
1032 3814 1175 3879 minime
1203 3811 1377 3878 laboranti
1408 3810 1457 3875 di·

315 3941 398 4006 vina
419 3940 581 4007 conciliat
600 3940 788 4024 insomnia,
810 3940 1067 4027 concupitarum
1100 3939 1350 4005 revelationum
1379 3958 1457 4023 pro-

404 4232 428 4282 2.
439 4233 454 4281 4
467 4233 503 4296 cs.
517 4232 636 4296 Lacipea
648 4230 712 4300 trip.
727 4238 787 4284 atat.
799 4249 828 4297 p.
840 4234 898 4294 141,
916 4235 939 4285 7.
954 4235 1015 4294 253,
1031 4235 1045 4282 7
1110 4237 1139 4284 ll
1153 4235 1247 4284 anime
1261 4234 1288 4284 P
1351 4236 1381 4284 13
1394 4250 1455 4301 pro-

312 4311 489 4378 torlupsesl'
553 4313 584 4362 14
598 4313 784 4380 impliciteque
798 4314 836 4376 Ρ,
855 4313 900 4363 clio
912 4313 969 4379 pub
986 4330 1070 4364 essere
1086 4315 1170 4365 aurelio
1187 4313 1343 4366 corrutione
1360 4315 1390 4365 di
1406 4317 1455 4366 im-

312 4392 486 4457 plicitasque
550 4394 581 4444 16
595 4395 717 4445 animam
733 4394 890 4461 corrcppcG
954 4397 983 4445 21
998 4395 1112 4463 tostam]
1124 4393 1224 4446 'dulice
1236 4412 1288 4460 pro
1301 4397 1393 4463 capite
1408 4398 1453 4447 val

313 4472 424 4524 omnio’
436 4479 538 4523 arruola
554 4474 578 4526 G
