3414 5122
488 447 644 491 curasan
669 447 703 492 iu
723 448 865 491 causan.
888 447 1110 492 coumuavon.
1312 432 1370 489 239

227 602 429 668 studiorum.
462 602 530 668 Vos
561 624 710 688 quoque,
741 604 944 691 peritissimi
974 605 1257 691 solertissimique
1285 605 1370 669 artis

228 727 432 815 Apollineae
466 728 693 815 professores,
727 729 769 793 D.
800 730 841 793 D.
871 731 1057 796 Valentino
1086 731 1231 817 Espicli,
1254 732 1295 795 D.
1328 730 1369 793 D.

227 856 351 919 Franc.
381 855 507 939 Faber,
538 855 579 918 D.
611 855 653 919 D.
684 854 827 920 Alberte
857 856 1032 938 Salomon,
1061 878 1131 921 non
1159 862 1210 921 est
1240 855 1371 941 quoda

226 989 345 1046 tantae
361 979 525 1045 scientiae
540 980 755 1067 peritiaeque
771 1005 835 1048 usu
851 992 954 1068 atque
970 982 1127 1048 doctrina
1143 983 1186 1048 ad
1203 1005 1371 1069 organum

183 1111 204 1172 5
227 1117 332 1194 atque
346 1108 567 1196 disciplinam
583 1108 700 1194 istam,
714 1132 801 1194 quae
814 1109 947 1175 artibus
962 1109 1055 1175 viam
1069 1111 1193 1175 sternit
1214 1117 1372 1195 artesque

227 1241 406 1318 attrectat,
427 1234 661 1300 deflectamini
681 1235 972 1320 conspiciendam
993 1259 1054 1300 our
1072 1235 1200 1300 etenim
1228 1259 1248 1300 a
1279 1235 1373 1321 prin-

227 1360 344 1447 cipum
364 1359 535 1442 conclavi,
556 1360 618 1425 ubi
638 1360 741 1446 digne
757 1384 834 1426 curn
851 1361 1031 1426 Avicenna
1048 1360 1226 1426 Cordubae
1243 1362 1372 1447 regule,

228 1488 345 1552 Mesae
373 1486 466 1572 regis
489 1486 653 1551 Damasci
672 1493 810 1573 nepote,
830 1487 993 1551 Hermete
1017 1486 1286 1573 Aegyptiorum,
1311 1487 1375 1551 Mi·

228 1610 380 1678 thridate
399 1612 518 1697 Ponti,
545 1611 641 1677 Salid
666 1612 833 1695 Arabum,
866 1611 975 1677 Sabor
1003 1621 1037 1677 ct
1065 1611 1166 1697 Gyge
1193 1611 1372 1677 Medorum

164 1744 206 1807 10
228 1738 367 1824 regibus
395 1737 605 1821 consedetis,
634 1736 694 1802 ubi
727 1759 806 1802 cum
837 1737 1010 1824 Apollinis
1041 1737 1112 1801 filio
1145 1735 1372 1822 Aesculapio,

228 1864 383 1929 Heroum
398 1863 652 1949 spirituumque
673 1862 677 1949 l
699 1885 903 1948 magnorum
917 1862 1074 1948 principe
1090 1861 1276 1949 Raphae'le,
1296 1885 1372 1926 cum
1397 1866 1443 1944 (a
1463 1864 1528 1944 3²)

228 1988 303 2075 ipso
338 1988 404 2053 Dei
436 1987 706 2074 cunctipotentis
736 1987 808 2052 filio
838 1994 943 2071 atque
969 1986 1104 2072 legato,
1133 1987 1373 2052 universarum

227 2113 385 2199 gentium
405 2112 627 2178 conciliatore
643 2121 746 2197 atque
762 2112 986 2200 redemptore,
1007 2119 1115 2177 artem
1135 2112 1304 2177 divinitus
1321 2134 1374 2176 or·

230 2238 400 2323 dinatam,
426 2239 596 2304 sancitam
619 2244 863 2326 acceptamque
888 2238 1068 2304 exercetis:
1092 2258 1176 2303 num
1205 2238 1373 2322 (inquam)

164 2358 205 2421 15
231 2363 334 2450 digne
354 2370 452 2430 extra
471 2363 561 2429 fores
580 2371 614 2429 et
633 2365 671 2428 in
703 2365 829 2429 atrium
848 2363 1074 2450 pulsantium
1106 2362 1374 2448 officialiumque

228 2489 342 2554 locum
371 2489 643 2554 revocaremini'?
675 2489 716 2553 Id
746 2490 859 2576 ipsum
893 2510 1028 2574 quoque
1059 2489 1159 2553 vobis
1190 2487 1373 2552 dicendum

229 2615 402 2698 existimo,
419 2614 640 2681 famosissimi
658 2614 971 2698 consultissimique
990 2615 1017 2677 I.
1035 2615 1075 2680 V.
1093 2613 1182 2697 DD.,
1204 2613 1265 2697 qui
1281 2612 1374 2677 circa

229 2740 398 2805 rationem
416 2762 517 2807 curae
536 2740 611 2806 RR.
624 2741 689 2804 ΡΡ.
705 2740 918 2805 nobilissime
937 2738 1143 2820 versamini,
1162 2739 1204 2804 D.
1218 2739 1259 2802 D.
1273 2738 1375 2803 Petro

229 2865 334 2951 Hegi,
355 2874 389 2930 et
408 2865 450 2931 D.
464 2867 505 2930 D.
519 2867 608 2931 And.
629 2865 843 2947 Reuclibart,
865 2865 1085 2951 argutissime
1110 2863 1374 2948 acutissimeque

161 2990 205 3052 ‘20
228 2991 269 3055 D.
298 2991 340 3055 D.
371 2991 542 3056 Eberhart
572 3015 592 3055 a
622 2992 770 3077 Weyhc,
802 2991 1087 3078 spectabilissimo
1112 2989 1374 3077 'protiindaeque

229 3116 406 3181 doctrinae
430 3117 472 3180 D.
497 3118 538 3181 D.
569 3117 688 3184 Iohan.
720 3118 904 3201 Limmerc,
936 3125 1042 3202 tuque
1072 3115 1375 3201 consanguinitate

228 3242 441 3328 propinque,
463 3242 557 3307 fama
584 3243 774 3328 prolium,
795 3243 1000 3308 sufficientia
1024 3241 1213 3321 simillime,
1234 3242 1308 3305 loco
1332 3241 1374 3303 ti·
1401 3246 1506 3310 632

228 3367 370 3451 tuloque
393 3390 469 3454 par,
495 3370 699 3454 cognomine
723 3368 814 3432 idom
838 3391 915 3433 cum
941 3390 1067 3452 magno
1090 3368 1151 3432 illo
1172 3367 1372 3432 iuristarum

228 3513 471 3576 germanorum
501 3495 709 3580 coryphan,
735 3493 861 3558 clariss
887 3494 926 3556 D.
948 3494 989 3556 D.
1013 3494 1114 3556 Petro
1142 3490 1369 3573 Wesembeci,

161 3613 204 3675 ‘Ab
229 3617 354 3682 mirum
375 3618 403 3682 si
423 3619 522 3684 vobis
538 3627 637 3683 vacet
653 3627 687 3683 et
707 3619 842 3705 placeat
862 3619 976 3682 oculos
996 3618 1040 3682 ad
1059 3639 1200 3682 munera
1220 3616 1373 3681 Lulliani

227 3740 367 3827 ingenii
401 3744 591 3825 divertere,
624 3768 709 3829 quos
740 3750 791 3826 (ut
818 3744 927 3821 decet)
958 3744 1099 3808 omnino
1128 3743 1171 3807 ael
1202 3765 1372 3807 summum

227 3865 335 3948 illlud
355 3868 505 3933 Deorum
531 3893 654 3935 munus
679 3869 901 3953 divinamque
925 3869 1101 3933 hominum
1125 3867 1373 3955 possessionem
1397 3872 1442 3950 (a
1462 3870 1530 3948 3v)

221 4249 225 4256 .
323 4190 558 4255 lsolertissique
586 4190 643 4255 (sic)
673 4191 715 4240 P:
739 4190 1025 4254 eclectiasimiqqu
1104 4190 1158 4239 ao
1179 4188 1327 4238 Mitridate
1347 4189 1373 4238 P

226 4269 371 4332 9Gigol’
435 4271 752 4330 ll<cum)Her0umG
818 4272 855 4321 17.
867 4269 1171 4334 liioonsultissimiquo
1182 4269 1372 4336 jurisutrius-

232 4367 287 4416 que
302 4352 457 4412 Doctores,
474 4353 524 4417 qui
539 4353 616 4403 circa
627 4353 768 4402 rationem
783 4368 867 4402 curae
876 4353 1050 4417 reipublicae
1066 4350 1187 4415 (aorebbc
1200 4351 1295 4399 ‹lovzuo
1307 4349 1373 4399 scri·

234 4447 293 4480 cere
303 4446 398 4482 rerum
412 4433 602 4497 publicorum)
614 4433 790 4483 nobilissime
803 4433 834 4495 G,
847 4431 1020 4482 catonianae
1030 4432 1132 4481 citrove
1179 4431 1337 4493 urivueyue
1348 4430 1373 4478 P

230 4513 261 4563 23
279 4514 459 4577 cognominis
475 4515 498 4566 G
561 4514 593 4563 24
609 4516 752 4581 coryphae
767 4515 793 4565 P
855 4514 1041 4564 Vuesembeci
1056 4514 1096 4562 P:
1109 4511 1333 4564 WesenbecoiG
