3414 5122
693 463 832 509 manum
854 464 956 509 nuvm

739 723 768 764 11.
785 723 918 764 nemorum.

341 911 504 997 Angulus
532 909 617 974 item
647 908 672 972 Ο
707 909 823 974 omnia
855 908 1029 995 principia
1061 915 1238 994 penetrat,
1269 915 1303 972 et
1335 928 1398 994 per

253 1035 368 1101 omnia
387 1035 542 1101 subiecta
560 1034 732 1100 discurrit.
752 1034 816 1099 Est
835 1034 928 1099 enim
956 1034 1201 1099 concordantia
1227 1033 1320 1098 inter
1347 1032 1398 1096 in-

252 1161 447 1226 tellectuale
465 1161 528 1247 (et)
542 1160 790 1243 intellectuale,
810 1166 849 1224 ut
869 1160 874 1244 1
895 1161 930 1223 in
948 1159 977 1224 B
994 1158 1086 1224 inter
1105 1169 1270 1243 mentem,
1291 1158 1393 1224 intel·
1415 1158 1447 1220 d
1469 1159 1515 1220 1²·

207 1294 228 1356 5
251 1287 379 1351 lectum
394 1293 429 1350 et
449 1284 677 1369 voluntatem,
689 1307 776 1370 quae
788 1284 826 1350 in
840 1307 910 1349 una
923 1285 1071 1350 essentia
1082 1284 1236 1350 radicata
1256 1306 1396 1349 concur·

251 1417 346 1494 runt,
363 1410 443 1475 1110
460 1413 551 1476 inter
567 1409 753 1475 Cherubim
773 1417 807 1474 et
827 1408 1022 1498 Seraphim,
1038 1411 1152 1496 quiin
1171 1410 1395 1497 simplicitate

250 1546 395 1604 naturae
414 1537 635 1621 concordant,
662 1536 764 1603 utin
789 1538 999 1623 cognitione,
1030 1539 1333 1604 intellectualitate
1361 1548 1396 1604 et

249 1661 285 1726 id
303 1685 413 1748 genus
432 1663 522 1745 aliis,
542 1665 579 1728 in
599 1663 630 1726 D
650 1663 741 1728 inter
760 1662 825 1729 hoc
843 1671 878 1728 et
896 1663 985 1728 illud
1003 1663 1152 1747 coelum,
1172 1663 1237 1729 hoc
1255 1669 1290 1728 et
1308 1663 1395 1728 illud

250 1794 391 1852 astrum,
411 1788 466 1853 Ita
484 1788 521 1852 iu
541 1786 618 1854 aliis
637 1796 689 1854 est
708 1787 940 1854 iudicandum.
962 1791 966 1874 1
987 1789 1134 1874 Insuper
1152 1788 1190 1853 in
1210 1789 1239 1853 B
1260 1789 1286 1854 C
1305 1792 1396 1855 inter
1422 1792 1532 1854 655

187 1921 228 1984 10
249 1911 496 1994 intellectuale,
517 1913 609 1998 quod
627 1920 679 1978 est
699 1913 805 1996 Dono,
824 1922 859 1980 et
877 1913 1130 1996 intellectuale,
1148 1914 1240 1999 quod
1264 1922 1316 1980 est
1340 1938 1398 1980 an-

250 2039 362 2126 gelus,
392 2040 601 2105 concordant
629 2039 722 2105 onim
752 2040 790 2105 in
820 2040 990 2122 bonitate,
1022 2040 1205 2126 sapientia,
1232 2041 1395 2124 entitate,

249 2165 329 2232 licet
345 2189 416 2232 non
436 2167 482 2232 sit
501 2167 705 2252 adaequatio
725 2167 796 2233 ulla
815 2190 926 2253 neque
950 2167 1174 2255 comparatio,
1193 2166 1230 2232 in
1250 2167 1275 2232 O
1296 2168 1326 2232 D
1347 2168 1398 2233 in-

249 2299 302 2356 ter
325 2293 488 2378 angelum
511 2298 546 2356 et
569 2291 716 2375 coelum,
740 2315 828 2377 quae
853 2292 1062 2358 concordant
1086 2292 1124 2357 in
1147 2292 1317 2376 bonitate,
1342 2316 1397 2358 ve-

249 2415 367 2499 ritate,
390 2416 520 2482 virtute
548 2423 611 2481 etc.
641 2415 738 2482 Idem
763 2423 835 2482 esto
862 2417 901 2482 in
930 2416 1073 2482 cacteris
1097 2417 1278 2482 iudicium:
1304 2416 1396 2481 inter

185 2552 226 2615 15
249 2541 404 2615 sensuale
431 2547 466 2606 et
494 2541 661 2623 sensuale,
688 2549 728 2606 ut
760 2543 851 2606 inter
880 2543 910 2607 D
942 2549 977 2607 et
1000 2542 1048 2630 D,
1068 2541 1104 2606 id
1128 2548 1180 2606 est
1204 2542 1335 2607 coelum
1360 2547 1394 2606 et

249 2663 435 2748 hominem,
457 2666 485 2729 F
506 2665 538 2729 G
556 2667 823 2752 imaginativum
854 2675 888 2733 et
911 2670 1131 2753 sensitivum,
1152 2669 1184 2733 G
1204 2669 1238 2733 H
1262 2669 1396 2734 sensiti-

248 2813 329 2856 vum
350 2798 384 2855 et
402 2793 655 2877 vegetativum,
677 2792 712 2855 H
735 2792 752 2856 I
777 2794 1012 2879 vegetatiunm
1041 2805 1074 2859 et
1099 2794 1393 2859 elementativum.

250 2916 312 2980 Vel
330 2916 367 2980 in
388 2915 432 2999 G,
453 2928 491 2981 ut
511 2918 601 2982 inter
618 2918 682 2983 hoo
701 2919 905 2985 sensitivurn
930 2916 964 2984 et
984 2919 1084 3003 illud,
1104 2922 1142 2985 in
1161 2921 1195 2984 H
1215 2920 1307 2985 inter
1330 2920 1395 2984 hoc

247 3027 483 3125 vegetativum
498 3050 532 3107 et
548 3042 647 3126 illud,
668 3043 705 3108 in
724 3044 742 3108 I
760 3044 852 3109 inter
868 3045 932 3110 hoc
948 3046 1230 3111 elementativum
1247 3052 1282 3109 et
1298 3043 1394 3127 illud,

182 3166 225 3227 ‘20
247 3167 285 3231 in
304 3169 338 3231 Κ
358 3169 449 3232 inter
468 3168 532 3234 hoo
552 3184 586 3234 et
603 3169 690 3235 illud
710 3170 1064 3237 instrumentativum.

442 3474 505 3539 DE
538 3473 904 3541 PENETRATIONE
937 3476 1119 3542 ANGVLI
1154 3478 1196 3542 D.

726 3709 767 3747 111.
785 3709 917 3748 Maurorum.

338 3937 505 4003 Similiter
524 3942 672 4025 angulus
692 3941 722 4005 D
743 3941 859 4005 omnia
882 3941 1053 4027 principia
1077 3950 1255 4027 penetrat,
1277 3952 1311 4009 et
1330 3968 1393 4031 per

247 4063 362 4128 omnia
380 4064 534 4130 subiecta
553 4065 725 4131 discurrit.
743 4066 841 4132 Sicut
857 4067 948 4132 enim
970 4072 974 4151 l
994 4055 1190 4133 differentia
1203 4076 1238 4133 et
1255 4092 1390 4137 concor·
1413 4078 1445 4140 d
1466 4079 1511 4140 1,ν

339 4419 355 4467 l
371 4423 400 4468 et
413 4419 475 4470 AG:
493 4437 541 4469 om.
557 4420 583 4469 P
645 4421 661 4469 8
679 4421 706 4470 in
720 4420 745 4469 D
761 4423 797 4471 G:
812 4422 841 4470 in
857 4422 1388 4489 01111εννονεΡ(11ο.111111111111Α1·3)

245 4497 277 4546 15
294 4497 321 4546 id
335 4509 379 4548 est
393 4498 459 4549 Ae:
476 4501 494 4549 i.
512 4500 536 4549 P
