3414 5122
659 415 804 459 siemavs
826 415 1037 460 stamaoavu.
1364 401 1419 461 163

274 574 376 639 vione
409 575 600 658 deleantur)
632 577 847 664 comprobes,
883 575 1071 642 Simonidis
1106 596 1241 661 quoque
1275 582 1411 662 tempus

274 702 384 786 (cuius
413 702 576 769 beneficio
607 704 724 770 omnia
752 709 977 789 quaeruntur,
1008 701 1201 782 discuntur,
1229 703 1414 769 inveniun-

275 834 346 910 tur,
378 828 561 895 obliterata
590 828 821 895 reclarescunt
848 828 1071 916 praecisaque
1099 827 1324 914 repullulant)
1345 850 1415 894 non

274 953 498 1040 improbabis.

230 1072 252 1135 ὅ
366 1081 416 1144 10.
437 1078 591 1160 Cunctis,
627 1101 689 1166 pro
714 1078 932 1162 sufficientia,
962 1078 1151 1164 exquisitas
1185 1079 1257 1144 alas
1291 1079 1417 1144 tribuit

273 1212 411 1288 natura,
432 1203 595 1291 perpauci
615 1225 696 1270 vero
715 1202 899 1270 admodum
916 1209 1009 1286 sunt,
1028 1202 1089 1287 qui
1105 1225 1161 1268 eas
1177 1204 1296 1269 norint
1312 1202 1418 1290 expli-

275 1352 352 1395 care
371 1329 511 1395 adeum
531 1338 644 1395 ae'rem
664 1329 888 1395 dividendum
906 1337 1010 1416 atque
1028 1329 1250 1416 pulsandum,
1268 1331 1328 1418 qui
1347 1352 1417 1396 non

274 1456 388 1522 minus
407 1454 596 1543 pulsandus
609 1457 652 1521 ad
664 1455 817 1521 volatum
832 1455 993 1521 conducit
1005 1463 1109 1543 atque
1121 1462 1290 1543 praestat,
1313 1479 1415 1542 quam

274 1579 480 1647 dividendus
501 1582 618 1646 obesse
635 1580 789 1663 uidetur,
808 1586 992 1666 postquam
1012 1582 1104 1646 enim
1119 1578 1235 1669 ipsum
1254 1581 1416 1648 laborans

210 1707 252 1770 10
274 1704 460 1772 dividendo
495 1705 732 1789 commoveris,
768 1706 841 1793 ipse
876 1727 945 1771 uon
979 1705 1138 1792 ingratus
1171 1714 1206 1771 te
1240 1705 1415 1772 fulciendo

273 1831 502 1917 promovebit.

365 1960 415 2023 11.
437 1957 660 2024 Obiiciuntur
690 1957 791 2023 nobis
825 1979 892 2039 res,
925 1957 1036 2042 signa,
1068 1956 1252 2042 imagines,
1278 1964 1414 2044 spectra

272 2085 329 2150 vel
357 2083 612 2171 phantasmata.
634 2083 788 2160 Quorum
820 2082 1036 2148 differentiae
1060 2089 1141 2149 sunt
1170 2083 1298 2148 odibile
1323 2083 1416 2170 quod

273 2218 325 2277 est
344 2209 496 2277 deforme
508 2217 543 2276 et
562 2210 703 2291 malum,
724 2215 758 2274 et
779 2210 968 2296 appetibile
982 2209 1074 2294 quod
1093 2216 1144 2275 est
1159 2209 1361 2296 pullchrum
1378 2218 1412 2275 et
1443 2213 1550 2275 555

212 2342 253 2403 15
278 2337 420 2420 bouum,
440 2343 476 2401 et
495 2336 684 2423 composita
703 2358 746 2400 ex
764 2334 896 2400 duobus
911 2334 968 2400 vel
982 2335 1094 2400 tribus
1112 2335 1247 2418 horum,
1266 2335 1413 2401 amabile

271 2461 415 2543 bonum,
447 2460 576 2526 odibile
595 2458 764 2540 deforme;
791 2460 874 2525 item
894 2467 997 2546 captu
1028 2459 1143 2543 facile,
1165 2459 1254 2544 quod
1276 2466 1329 2526 est
1353 2483 1415 2526 nec

272 2585 440 2650 excellens
474 2607 538 2651 nec
561 2584 722 2651 deficiens
752 2583 913 2650 sensibile
937 2606 1015 2650 cum
1043 2584 1218 2651 abstracto
1236 2585 1413 2672 intelligi·

273 2709 348 2790 bili,
370 2717 404 2775 et
423 2715 527 2797 captu
551 2708 703 2792 difficile,
725 2709 815 2796 quod
843 2716 895 2775 est
913 2708 1093 2776 remissum
1112 2709 1168 2775 vel
1198 2710 1412 2776 excessivum

273 2835 435 2901 sensibile
453 2841 488 2901 et
506 2857 568 2901 sua
586 2843 710 2901 natura
731 2834 878 2900 maxime
898 2840 988 2917 (cum
1007 2834 1052 2900 sit
1072 2835 1146 2900 sine
1164 2834 1412 2914 abstractione)

206 2959 251 3023 20
273 2958 508 3046 intelligibile.

361 3087 443 3176 (12.)
461 3085 593 3165 Quibus
604 3085 837 3152 mediantibus
855 3095 982 3153 natura
1001 3095 1102 3153 ornat
1118 3110 1265 3172 sensum,
1280 3110 1408 3154 concu·
1436 3105 1461 3153 c
1480 3092 1532 3152 8v

272 3211 492 3298 piscaritiam,
512 3211 727 3278 intellectum
746 3217 781 3277 et
799 3211 1026 3296 voluntatem,
1043 3212 1134 3278 unde
1150 3212 1266 3299 prodit
1281 3212 1412 3296 videre,

273 3342 416 3422 tangere
434 3337 473 3402 in
490 3358 628 3424 genere,
647 3336 845 3423 imaginari,
866 3337 1031 3423 cogitare,
1052 3337 1203 3423 primum
1216 3340 1412 3420 memorari,

272 3461 474 3528 ratiocinari
492 3469 526 3527 et
545 3461 755 3548 intelligere,
786 3462 877 3527 unde
897 3462 1049 3528 nascitur
1080 3462 1267 3528 secundum
1286 3486 1416 3529 memo-

206 3599 249 3664 25
272 3594 401 3670 ratum,
436 3586 527 3674 quod
560 3587 757 3652 intellectus
792 3587 936 3674 adeptus
955 3596 990 3652 et
1019 3588 1057 3653 in
1076 3587 1200 3653 habitu
1232 3589 1414 3654 cousuevit

274 3712 451 3801 appellari.
482 3713 615 3789 Quibus
643 3712 806 3777 adiicitur
833 3711 1008 3796 formatic,
1042 3713 1138 3778 ouius
1162 3713 1292 3799 species
1317 3719 1410 3777 sunt:

275 3838 392 3924 opinio
407 3838 444 3903 in
459 3860 594 3924 genere,
615 3838 746 3925 aporia,
765 3839 961 3925 scrupulus,
981 3838 1210 3924 syndaeresis,
1230 3836 1358 3903 fiducia
1376 3846 1412 3903 et

274 3963 404 4029 illectio
422 3962 460 4028 in
477 3987 617 4050 genere,
649 3987 736 4050 quae
755 3964 883 4031 excitat
913 3965 1143 4051 voluptatem,
1169 3963 1412 4046 ambitionem,

274 4089 509 4156 curiositatem
533 4096 567 4155 et
586 4090 761 4174 fiduciam,
786 4096 821 4155 et
838 4089 1036 4177 profligatio
1065 4090 1233 4175 quaedam
1261 4088 1412 4154 incitans

370 4401 597 4468 lSymonidisP
660 4403 896 4468 tprecianueP
959 4404 1225 4456 saraamaliasl’
1286 4407 1316 4455 21
1333 4405 1355 4455 il
1367 4423 1414 4455 aa·

273 4484 483 4536 nreromcacain
492 4484 518 4533 P
580 4484 613 4534 23
626 4498 783 4535 memorare
795 4482 819 4534 θ
881 4485 913 4534 2?
927 4487 1091 4549 synderesis
1105 4486 1163 4549 (aie)
1173 4485 1210 4535 P:
1222 4486 1415 4551 syntercsisG
