3414 5122
751 411 893 458 Ioauaul
912 409 1015 455 BRVNI

434 569 518 647 Ooge
535 577 645 648 petens
663 568 749 632 Circe
767 589 873 629 succos
891 568 947 627 tibi
964 568 993 625 in
1012 565 1090 625 atria
1107 571 1241 642 septem,

494 678 639 754 Quaeque
656 677 698 738 sit
715 687 745 738 et
762 677 882 756 species
899 676 929 734 in
946 694 1044 751 genus
1061 679 1129 733 aeta
1146 690 1246 745 suum;

434 785 581 846 Transfer
598 786 629 845 in
646 785 752 845 annosi
769 803 908 862 eampum
924 783 1000 842 haec
1017 780 1168 841 scelerata
1184 775 1336 856 parentis,

493 894 579 953 Haec
596 893 730 953 habeant
751 892 905 952 dominum
922 910 989 950 cum
1007 886 1186 966 Ganymede
1203 885 1320 946 Iovem.

434 1001 672 1077 Luminibusque
688 999 790 1060 minax
807 1005 948 1077 perstans
966 994 1137 1057 ardentibu’
1154 995 1279 1054 Mavors

493 1108 625 1168 Hortum
642 1106 722 1167 hunc
739 1112 929 1186 prospectet,
947 1103 1350 1179 Mulciberumquetrucem.

435 1213 585 1274 Obtineas
603 1213 685 1274 vasti
701 1213 820 1290 lampas
838 1211 1037 1273 celeberrima
1052 1207 1170 1284 mundi,

494 1321 618 1382 Prolem
634 1321 687 1380 ubi
703 1321 901 1400 multigenam
918 1327 1082 1380 contueare
1099 1325 1191 1376 tuam.

433 1429 534 1491 Suave
551 1429 657 1490 Venus
674 1430 794 1507 spirans
812 1430 899 1507 queis
916 1437 1025 1489 cuncta
1040 1426 1178 1488 viventia
1193 1423 1305 1500 vincis,

495 1534 593 1612 Inque
611 1543 805 1612 sequestrato
824 1535 896 1596 diva
913 1553 1041 1613 capesse
1059 1535 1134 1593 loco.

437 1640 641 1719 Secretusque
658 1642 715 1702 tibi
732 1641 874 1702 credatur
891 1641 999 1701 nuneie
1017 1639 1129 1700 divum.

495 1751 642 1811 Foemina
658 1750 808 1811 foemineo
827 1750 959 1827 credite,
978 1767 1103 1824 masque
1120 1747 1205 1806 mari.

434 1859 565 1938 Sepibus
582 1858 755 1936 abiunctas,
773 1865 959 1919 temerentur
975 1878 1013 1917 ne
1031 1865 1083 1917 tna
1101 1855 1194 1933 dona,

493 1965 584 2025 Delia
599 1974 757 2026 consortes
774 1965 865 2042 iunge
883 1984 1012 2044 operosa
1029 1947 1109 2023 tuas.

534 2232 664 2282 Peregrini,
679 2233 718 2282 qui
733 2232 960 2282 vicesimuaseptimus
975 2231 1072 2281 sigillus,
1089 2229 1222 2281 explicatio.

403 2443 502 2510 Ditat
521 2444 656 2530 sigillus
673 2444 738 2510 iste
766 2444 893 2510 Rotam
913 2443 1025 2530 figuli,
1050 2465 1121 2509 non
1151 2444 1262 2509 solum
1282 2441 1376 2507 enim
1395 2465 1457 2529 per

314 2569 471 2635 eumdem
490 2592 649 2656 eampum
673 2569 883 2657 multiplicat
914 2569 1016 2635 unius
1035 2569 1085 2635 rei
1105 2567 1323 2635 deducendae
1348 2568 1459 2633 eonsi-

315 2693 508 2760 deretienes
535 2701 639 2780 atque
657 2696 745 2781 lece,
778 2695 837 2761 sed
861 2718 1020 2782 campum
1039 2694 1227 2760 secuudum
1245 2693 1358 2781 prime
1378 2693 1457 2758 sub-

315 2818 494 2899 ordinans,
515 2818 621 2884 effieit
644 2825 683 2884 ut
707 2820 750 2885 ad
771 2821 925 2887 locorum
944 2819 1100 2905 sapaudi
1130 2819 1243 2906 campi
1266 2840 1450 2883 numerum
1477 2836 1501 2885 e
1525 2823 1569 2884 1v

247 2956 292 3021 20
315 2943 453 3031 singula
472 2945 578 3032 primi
606 2945 720 3033 campi
743 2947 898 3012 membra
927 2945 1272 3034 submultiplicemus,
1297 2946 1456 3011 Tertium

315 3070 446 3157 pariter
469 3094 628 3159 campum
655 3072 804 3139 secunde
832 3074 1052 3156 subnectens,
1082 3072 1119 3138 id
1136 3076 1305 3160 praestat,
1328 3071 1332 3158 Ι
1353 3077 1392 3137 ut
1412 3071 1457 3137 ad
1484 3067 1591 3129 543

314 3196 467 3263 locorum
497 3197 594 3263 tertii
624 3199 738 3286 campi
767 3221 949 3264 numerum
982 3198 1124 3265 secundi
1153 3198 1267 3286 campi
1300 3197 1455 3263 membra

315 3322 542 3410 multiplicari
570 3323 714 3410 possint.
750 3324 918 3390 Similiter
956 3325 985 3389 si
1016 3324 1051 3389 id
1080 3325 1297 3411 propositum
1332 3331 1456 3409 urgeat

315 3449 513 3535 negotium,
535 3458 696 3535 quartum
719 3452 835 3535 tertie,
865 3452 1026 3537 quintum
1046 3458 1169 3536 quarto
1199 3472 1347 3536 eousque
1379 3472 1458 3516 cen-

247 3589 291 3654 25
314 3577 544 3663 tinuabimus,
575 3578 687 3663 quoad
719 3580 883 3644 materiae
911 3579 1085 3644 subiectae
1109 3578 1283 3665 capacitas
1315 3577 1457 3664 implea-

314 3710 385 3786 tur;
416 3701 673 3789 formarumque
701 3702 1206 3790 extenditurmultiplicandus
1231 3724 1394 3768 numerus
1424 3710 1459 3767 et

315 3828 517 3916 amplitude.

403 3955 532 4021 Differt
555 3955 665 4041 igitur
692 3955 899 4043 Peregrinus
931 3979 950 4021 a
980 3956 1088 4039 Rota,
1118 3955 1200 4040 quia
1226 3956 1283 4020 hic
1312 3954 1459 4040 Figulus

914 4129 1303 4137 ...-—-—-.-—-———-
1311 4130 1414 4135 .-—--.
1421 4129 1459 4135 -.

408 4235 424 4285 4
445 4235 601 4304 deminum]
623 4242 728 4286 uatum>
745 4234 800 4284 Ars
821 4252 892 4286 arent.
957 4237 1107 4301 ganimede
1129 4236 1155 4284 P
1218 4237 1382 4300 eprestuus
1406 4237 1460 4288 aire

315 4334 386 4367 arreni.
406 4317 441 4381 (7)
506 4317 701 4368 ardentibuP
763 4317 1022 4368 Beontuiiarel’G
1084 4319 1460 4368 9cunctaanimantiaAre

316 4414 399 4455 utrm„
413 4394 446 4446 rii
459 4395 579 4446 certiorne
592 4396 691 4460 perciti
708 4395 754 4461 qui
772 4396 808 4446 lea
824 4403 941 4447 corratio
957 4398 979 4447 ii
995 4414 1069 4448 cereo
1134 4400 1164 4449 13
1180 4415 1259 4449 senza
1280 4397 1461 4463 intereamu-

315 4478 391 4529 ael’
455 4478 484 4527 1?
501 4478 662 4529 eundemii
724 4479 757 4528 26
774 4478 985 4530 extendeturG
