3414 5122
312 388 370 444 154
755 402 894 449 rounam
916 403 1017 448 anvnr

312 557 390 643 bns,
412 567 559 644 quatuor
579 560 633 625 vel
657 559 815 646 pluribus
836 560 972 626 circulis
997 561 1231 628 subordinatis
1253 567 1454 645 certumque

312 686 560 752 elementorum
580 709 762 752 numerum
781 688 1167 774 comprehendentibus,
1187 711 1249 774 per
1268 686 1454 753 eorundem

314 810 543 877 multiformes
562 811 793 879 volutationes
814 819 917 898 atque
937 813 1195 900 dispositiones,
1224 811 1456 878 innumerabi-

312 937 361 1002 les
371 960 552 1024 possumus
565 938 651 1003 serie
662 937 810 1025 quadam
823 945 916 1005 certa
933 939 1229 1006 combinationum
1243 938 1454 1003 differentias

270 1065 290 1125 a
315 1062 479 1149 accipere.
499 1062 570 1130 Noe
588 1060 753 1150 perfecte,
774 1071 944 1151 quantum
960 1065 1034 1130 fieri
1050 1071 1180 1152 potest,
1203 1071 1313 1129 artem
1329 1062 1456 1129 combi-

314 1188 539 1253 natoriamex
555 1190 687 1254 <luobus
708 1189 887 1276 tribusque
898 1189 1076 1256 elementis
1095 1190 1133 1254 in
1145 1191 1233 1256 libro
1254 1190 1310 1254 De
1330 1188 1456 1254 arehi-

313 1318 474 1378 tectnra
493 1313 685 1379 Lulliaua
701 1314 959 1401 explicavimus
978 1317 1030 1381 Tu
1045 1315 1088 1381 ad
1103 1316 1175 1382 eius
1190 1314 1456 1380 similitudinem

317 1443 420 1522 atque
436 1439 634 1526 analogiam
647 1441 798 1506 numeris
814 1442 892 1507 aliis
908 1441 1119 1528 complendis
1136 1440 1453 1508 combin'ationibus

314 1563 443 1648 poteris
463 1564 636 1651 adaptare.

562 1866 711 1916 Interprens,
725 1865 763 1915 qul
780 1866 905 1906 tricesimus
920 1870 954 1906 est
968 1867 1065 1917 sigillus,
1083 1865 1212 1917 explicatio.

403 2083 519 2168 Sigilli
538 2083 706 2168 universi,
726 2087 785 2171 qui
816 2085 860 2150 ad
879 2085 1048 2152 dictiones
1072 2087 1283 2169 reseruntur,
1304 2096 1338 2151 et
1358 2111 1455 2153 voca·

312 2209 473 2275 bulorum
497 2210 702 2275 formativae
726 2210 877 2276 rationes
901 2232 1028 2293 oroneo,
1053 2213 1153 2277 istius
1178 2213 1453 2298 supervenientis

312 2333 419 2419 sigilli
438 2342 584 2421 possunt
603 2357 674 2400 esse
698 2335 900 2401 subiectum.
925 2336 971 2401 Ni
996 2337 1125 2424 quippe
1146 2337 1149 2420 l
1171 2336 1452 2424 interpretationi
1477 2362 1501 2411 ο
1523 2351 1576 2411 3v

313 2458 469 2523 subiecta
503 2459 609 2526 dictio
642 2461 895 2547 praeextiterit,
930 2466 991 2545 qut
1025 2461 1099 2527 ficri
1128 2467 1245 2548 potest
1278 2468 1317 2526 nt
1336 2460 1454 2546 aliqua

248 2574 289 2640 15
313 2584 449 2649 ratione
468 2584 692 2673 interpretem
712 2587 956 2653 instituamus?
972 2588 1116 2653 Homini
1133 2587 1256 2653 affecto
1273 2609 1314 2652 ex
1330 2587 1453 2673 patria,
1481 2598 1589 2660 546

313 2710 388 2775 loco
416 2712 572 2797 proprio,
593 2718 680 2794 arte,
712 2713 797 2778 artis
822 2713 1020 2800 operatione
1051 2720 1085 2778 et
1109 2734 1253 2798 organo,
1284 2735 1346 2799 per
1366 2735 1454 2798 quae

313 2834 385 2899 eius
412 2835 632 2902 formationis
661 2844 712 2901 est
738 2839 1028 2924 praesentamus,
1060 2838 1224 2923 ibiquod
1256 2838 1454 2924 significan·

312 2960 393 3025 dum
413 2967 465 3025 est
493 2960 646 3026 accidere
666 2961 899 3047 intelligetur,
919 2963 980 3028 nbi
1003 2970 1038 3029 et
1062 2986 1168 3049 agens
1186 2963 1361 3029 commode
1378 2986 1455 3049 ope·

311 3091 407 3151 retur
424 3093 458 3151 et
478 3086 632 3173 operatio
651 3088 811 3174 proprius
830 3095 1027 3174 exequatur.
1045 3089 1197 3165 Caetera,
1218 3111 1305 3175 quae
1324 3088 1455 3153 tricesi-

244 3203 289 3266 20
312 3232 387 3275 mus
429 3211 565 3297 sigillus
605 3212 724 3295 habet,
767 3213 998 3299 explicatione
1039 3237 1109 3280 non
1152 3213 1328 3300 indigent3
1367 3212 1454 3277 illud

310 3338 550 3405 tantummodo
570 3346 796 3426 praestemus,
816 3346 856 3405 ut
876 3348 945 3405 tres
964 3363 1027 3427 pro
1055 3341 1293 3428 paradigmate
1318 3340 1453 3405 tabulas

311 3444 569 3529 subinferamus
586 3463 628 3530 ad
642 3463 841 3529 hebraicum
859 3464 1101 3531 dictionarium
1120 3466 1268 3532 maxima
1283 3465 1452 3530 facilitate

311 3588 533 3675 figurandum
552 3597 656 3675 atque
674 3589 903 3655 retinendum.

309 3819 326 3881 1
449 3819 653 3886 A.0.I.E.V
703 3842 763 3884 rex
942 3842 1062 3905 magus
1275 3822 1352 3885 tons

243 3943 345 4007 2511
445 3945 475 4008 Β
697 3945 858 4033 princeps
936 3952 1162 4031 pyromantus
1271 3947 1424 4032 porticus

309 4069 364 4132 ΙΠ
442 4068 474 4132 Gr
698 4071 767 4136 dux
939 4077 1143 4155 geomantus
1265 4073 1419 4158 pyramis

400 4384 416 4433 2
437 4383 688 4450 comprobantibus
702 4384 728 4434 Ρ
790 4385 806 4434 8
823 4385 987 4436 volutiones
1000 4385 1026 4433 P
1088 4389 1104 4434 8
1120 4401 1256 4436 numeros
1269 4386 1341 4437 alios
1355 4386 1415 4438 teuc
1428 4389 1450 4438 G

309 4467 340 4515 la
355 4463 470 4532 proprio
485 4464 698 4530 exsequaturG
761 4466 793 4515 ‘25
810 4465 993 4518 Piromantus
1006 4466 1033 4516 P
