3414 5122
633 411 781 456 smmnvs
803 410 1010 456 stanconam.
1339 397 1395 456 169
1478 407 1481 412 ·

249 575 351 636 vocat
370 573 554 656 aspectum,
574 574 609 632 et
627 568 813 633 earundem
833 568 964 634 enutrit
983 575 1165 654 servatque
1181 556 1393 649 memoriam3
1412 552 1417 559 ’

249 696 357 783 capiti
370 718 451 761 vero
467 695 670 761 dormientis
687 695 865 782 supposita
877 695 934 761 vel
951 716 1030 760 mox
1047 695 1229 781 evigilanti
1241 695 1393 779 admota,

249 829 310 888 aut
342 843 482 910 prorsus
506 821 673 886 insomnii
693 821 894 886 memoriam
914 820 1119 908 corrumpit,
1150 827 1212 886 aut
1239 821 1344 886 etiam
1366 821 1396 887 si

249 951 436 1017 somniasse
455 949 665 1033 recordetur,
686 949 770 1037 quid
793 955 909 1015 tamen
927 949 1122 1031 somniarit,
1140 949 1193 1015 illi
1211 973 1281 1016 non
1301 951 1393 1017 subi-

204 1076 318 1159 bbit3
348 1076 439 1162 quod
472 1076 501 1140 si
533 1081 650 1141 tamen
677 1076 792 1142 minor
819 1077 1002 1162 minusque
1031 1077 1258 1163 tempestivus
1287 1077 1394 1144 fuerit

248 1208 411 1285 attactus,
449 1222 550 1287 aegre
586 1200 826 1266 recordabitur
860 1211 895 1268 et
923 1200 1121 1267 mutilatim.
1156 1202 1202 1266 Et
1234 1202 1394 1269 novimus

247 1351 310 1415 per
339 1350 375 1392 66
407 1325 630 1392 manifestum
662 1349 734 1391 esse
754 1326 991 1411 (quantumvis
1014 1327 1133 1413 paucis
1153 1333 1286 1409 notum)
1314 1327 1395 1393 insi-

247 1451 327 1538 gnis
351 1451 522 1517 stultitiae
546 1452 686 1538 signum
711 1453 747 1516 in
767 1451 822 1536 iis,
844 1452 904 1536 qui
922 1475 984 1538 per
1002 1451 1203 1517 universum
1226 1474 1246 1516 a
1270 1452 1393 1538 capitis

248 1599 319 1642 non
338 1585 535 1664 temperant
554 1584 718 1644 contactu
741 1600 803 1665 per
821 1577 981 1665 propriae
1005 1600 1127 1642 manus
1151 1577 1393 1643 admotionem.

183 1707 225 1771 10
247 1704 293 1769 Et
315 1704 372 1769 vix
400 1703 498 1790 capio
528 1703 732 1789 mysterium
756 1702 797 1768 de
821 1701 1027 1788 quibusdam
1059 1701 1237 1786 Galilaeis,
1264 1703 1323 1788 qui
1343 1725 1394 1797 re:

247 1836 351 1916 pente
383 1829 420 1894 in
449 1851 601 1894 summos
631 1851 769 1894 evasere
806 1827 996 1914 theologos,
1032 1837 1067 1894 et
1104 1829 1189 1894 alios
1227 1851 1393 1895 manuum

248 1953 468 2040 impositione
488 1954 525 2018 in
545 1953 700 2019 eamdem
721 1953 963 2020 sufficientiam
977 1955 1239 2041 promovebant.
1264 1955 1395 2021 Caven-

248 2077 330 2143 dum
348 2101 451 2166 porro
472 2102 606 2161 censeo,
625 2103 668 2144 ne
688 2080 761 2144 sine
781 2078 914 2144 delectu
939 2079 1071 2144 alienae
1091 2102 1214 2145 manus
1233 2081 1270 2144 in
1290 2087 1394 2167 caput

248 2187 488 2271 admittantur.
509 2205 577 2270 Sed
597 2228 651 2289 eo,
671 2205 763 2271 unde
780 2207 935 2293 prolapsi
956 2229 1086 2290 snmus,
1106 2206 1293 2272 redeamus.

183 2340 223 2402 15
335 2334 388 2397 28.
413 2332 465 2398 Ne
484 2332 626 2417 inquam
646 2338 746 2418 putes
765 2354 826 2418 per
850 2332 1102 2419 introspectum
1126 2333 1308 2419 quemdam
1334 2357 1390 2422 po·
1417 2339 1524 2403 560

248 2456 318 2522 tius
337 2479 442 2542 quam
461 2455 662 2543 adspectum
686 2479 746 2522 seu
771 2465 992 2544 prospectum
1013 2459 1215 2524 memoriam
1240 2458 1314 2523 fieri
1338 2461 1394 2525 vel

248 2582 454 2668 comparari;
475 2582 642 2648 effusione
662 2582 754 2647 enim
773 2581 921 2667 quadam
939 2583 1140 2673 proluenit,
1167 2607 1233 2670 qua
1253 2607 1323 2650 non
1343 2586 1394 2652 in·
1418 2591 1447 2651 d
1466 2589 1518 2649 4r

248 2730 351 2791 quam
371 2730 413 2772 ex
432 2707 553 2790 oculiS,
573 2708 633 2772 sed
652 2730 693 2772 ex
721 2707 938 2772 innominata
970 2708 1119 2793 quadam
1150 2709 1258 2774 animi
1286 2710 1392 2777 facul·

247 2839 332 2916 tate,
349 2855 436 2917 quae
456 2832 493 2897 in
513 2855 640 2918 genere
660 2833 866 2899 intentionis
882 2833 937 2898 vel
956 2833 1196 2900 intendentiae
1214 2835 1391 2901 cuiusdam

180 2964 225 3027 20
248 2956 408 3038 habetur,
430 2962 464 3022 et
482 2957 672 3052 sepositum
687 2958 864 3042 velutique
884 2980 1036 3024 seorsum
1055 2960 1208 3046 positum
1224 2961 1391 3026 intuetur.

247 3081 293 3145 Et
312 3082 476 3148 nimirum
496 3083 588 3168 qnod
607 3083 802 3170 experimur
829 3106 900 3148 rem
924 3084 1078 3171 pupillae
1098 3085 1296 3171 impositam
1320 3109 1390 3151 non

247 3205 406 3290 discerni,
426 3208 644 3273 remotiorem
675 3230 756 3273 vero
775 3231 885 3294 posse,
911 3215 1011 3274 tanto
1035 3209 1145 3295 magis
1170 3210 1214 3274 ad
1238 3210 1389 3277 animam

247 3339 298 3397 est
317 3331 547 3415 referendum,
569 3340 699 3416 quanto
715 3333 827 3420 ipsam
844 3336 921 3420 plus
939 3358 958 3399 a
974 3335 1138 3399 materiae
1155 3336 1282 3401 finibus
1299 3336 1390 3402 elon-

246 3464 365 3543 gat-am
395 3458 562 3522 novimus.
598 3458 772 3523 Adhibeto
806 3458 917 3545 igitur
949 3459 1186 3542 intervallum,
1218 3461 1388 3546 quemodo

179 3590 223 3654 25
246 3581 338 3647 enim
370 3591 524 3647 occurret
548 3583 615 3647 tibi
637 3584 700 3666 (ait
728 3606 816 3649 unus
846 3584 888 3648 de
919 3584 1136 3670 principibus
1162 3585 1389 3673 philosophis)

143 3797 148 3806 ,
246 3730 352 3793 quam
372 3730 536 3793 magnum
559 3716 610 3772 est
630 3708 776 3793 caelum,
797 3731 875 3773 cnm
891 3709 1002 3774 forma
1016 3710 1109 3775 intus
1129 3720 1270 3798 accepta
1290 3718 1390 3777 tanta

245 3855 317 3897 esso
347 3854 417 3897 non
448 3833 577 3919 possit?
607 3834 780 3899 Memento
810 3834 932 3920 igitur,
957 3857 1027 3900 non
1058 3857 1097 3898 ea
1126 3858 1214 3920 quae
1245 3843 1325 3901 sunt
1351 3837 1389 3901 in

244 3959 357 4041 nobiS,
378 3958 436 4023 sed
455 3981 509 4024 res
528 3959 621 4046 ipsas
639 3981 701 4045 per
720 3984 760 4024 ea
781 3982 866 4044 quae
886 3960 1034 4038 suntin
1064 3961 1164 4025 nobis
1184 3962 1388 4050 666616661-

245 4082 400 4164 ciendas3
427 4085 585 4170 quamvis
605 4085 697 4150 enim
716 4085 851 4150 animae
874 4109 1035 4172 praesens
1060 4087 1150 4151 adsit
1172 4087 1298 4172 imago,
1319 4109 1388 4152 non

338 4387 353 4435 5
370 4387 591 4451 intempestivus
610 4386 633 4437 0
697 4391 727 4440 10
744 4390 904 4440 misterium
921 4406 933 4438 e
951 4390 1071 4440 Galilcis
1089 4390 1114 4438 P
1180 4393 1208 4441 12
1226 4392 1344 4440 sandom
1364 4392 1387 4437 G

247 4467 277 4516 15
294 4468 435 4532 quondam
450 4467 473 4517 G
536 4470 569 4518 20
584 4477 614 4519 ot
627 4487 675 4520 om.
692 4469 716 4519 G
778 4471 808 4519 21
825 4471 993 4537 impositum
1009 4474 1033 4521 l}
1095 4471 1128 4519 '26
1144 4472 1182 4520 sit
1197 4473 1308 4522 coelum
1325 4473 1348 4522 G

378 4562 455 4603 Barim
472 4564 526 4612 opp.
543 4564 582 4603 lat.
599 4565 633 4613 11,
650 4566 670 4605 2.
1201 4567 1228 4605 22
