3414 5122
607 399 755 444 siomnvs
778 398 987 445 3131113313.
1309 389 1367 445 ‘215

224 556 347 642 rare’,
368 563 407 622 ut
426 557 477 622 nil
501 555 595 622 aliud
624 578 786 621 numeros
814 578 886 622 esse
913 556 1100 644 percipias,
1130 579 1234 642 quam
1260 559 1368 624 claras

226 683 394 769 quasdam
414 683 668 771 metaphysicas
684 683 740 748 vel
758 682 919 769 physicas
935 683 990 749 vel
1005 683 1192 751 rationales
1208 686 1368 770 rationes,

225 809 385 895 quasve]
404 809 548 874 materia
567 809 623 874 vel
643 793 857 892 intellectus,
883 808 963 874 dum
988 809 1032 875 ad
1060 810 1271 898 superiorem
1301 811 1369 878 for-

226 957 319 1001 mam
343 934 399 1000 vel
416 935 533 1001 lumen
552 934 771 1022 explicantur
794 941 829 1000 et
852 941 1088 1022 exponuntur,
1107 959 1169 1024 per
1189 959 1295 1003 unum
1315 939 1370 1003 vel

183 1075 204 1140 5
226 1060 333 1128 alium
352 1059 562 1147 cognitionis
581 1060 721 1127 modurn
741 1065 945 1149 oouoeptare
963 1062 1092 1128 valent.

316 1187 505 1253 Mensura
524 1186 630 1252 etiam
649 1187 887 1273 regulatorum
902 1188 1070 1272 omnium,
1084 1187 1121 1252 in
1141 1188 1266 1274 quibus
1287 1190 1372 1254 veri-

228 1318 337 1379 tatem
368 1310 473 1398 atque
503 1311 674 1378 iustitiam
704 1311 925 1397 inquirimus,
957 1312 1168 1401 principium
1199 1313 1370 1400 quoddam

228 1438 384 1504 activum
414 1460 486 1504 esse
516 1435 697 1502 iudicatur.
717 1436 813 1502 Haec
838 1459 907 1502 non
928 1437 933 1526 l
954 1461 994 1503 ea
1017 1445 1080 1522 est,
1100 1461 1186 1524 quae
1209 1440 1372 1528 practicis
1396 1449 1426 1513 9
1447 1434 1500 1498 '7'

229 1564 400 1630 duntaxat
418 1571 470 1629 est
493 1569 576 1628 nota
599 1563 799 1648 geometris,
830 1562 889 1628 sed
919 1585 987 1648 qua
1013 1586 1127 1630 rerum
1158 1565 1372 1632 substantiae

165 1699 208 1763 10
230 1696 334 1777 atque
357 1689 611 1776 proprietatum
641 1697 815 1754 momenta
838 1688 1098 1777 perpendimus,
1124 1713 1259 1777 quaque
1287 1690 1373 1756 fines

229 1837 344 1880 rerum
375 1814 556 1880 metientes
582 1835 819 1900 congruosque
844 1814 1010 1881 terminos
1040 1821 1231 1882 statuentes
1258 1815 1373 1881 omnia

231 1940 413 2007 clefinimus
432 1947 466 2006 et
486 1939 808 2006 circumscribimus
833 1940 997 2007 Metimur
1020 1947 1136 2007 autem
1154 1964 1216 2029 per
1232 1939 1373 2006 effeetus

232 2072 343 2153 actus,
363 2089 425 2155 per
445 2074 542 2132 aetus
561 2065 715 2153 habitus,
735 2091 796 2156 per
811 2067 952 2135 habitus
971 2068 1157 2157 potentias,
1177 2092 1238 2156 per
1256 2076 1374 2156 poten-

231 2191 299 2257 tias
318 2192 496 2276 essentias,
514 2215 577 2279 per
594 2191 656 2260 has
676 2167 816 2259 tandem
836 2194 1062 2260 essentiarum
1081 2194 1214 2260 fontem
1233 2180 1376 2260 immen-

167 2329 208 2394 15
231 2340 307 2385 sum
336 2317 436 2384 nobis
467 2342 538 2384 esse
569 2318 770 2386 iudicamus.
795 2319 874 2408 Ipse
897 2327 961 2386 est'
978 2320 1038 2407 qui
1067 2344 1146 2387 vere
1181 2329 1374 2405 mensuret,

233 2443 395 2528 quoniam
412 2450 546 2510 caetera
566 2468 730 2512 converso
745 2445 864 2512 ordine
883 2447 1075 2534 posteriora
1095 2470 1155 2534 per
1173 2447 1291 2534 priora
1310 2469 1376 2510 me·

231 2567 383 2654 tiuntur,
403 2569 545 2657 ipseque
564 2578 616 2636 est
635 2595 760 2655 mens,
783 2595 890 2657 aqua
918 2572 1162 2638 denominatur
1192 2572 1284 2659 apud
1313 2594 1376 2637 uos

233 2718 403 2780 mensura,
416 2704 450 2762 et
463 2704 514 2763 est
527 2697 699 2786 ipsissima
712 2697 867 2764 omniurn
881 2720 1051 2782 mensura,
1065 2699 1151 2764 citra
1163 2721 1267 2785 quam
1280 2698 1376 2763 nulla

233 2821 425 2909 adaequata
444 2823 512 2889 alia
532 2824 711 2911 reperitur.
729 2824 771 2889 In
787 2825 830 2890 113
847 2825 938 2890 3111111
954 2848 1042 2910 quae
1058 2824 1323 2912 distinguuntur
1339 2823 1376 2889 111
1402 2829 1509 2891 599

87 3040 92 3046 .
167 2964 212 3028 20
234 2949 359 3035 nihilo,
379 2951 551 3036 exquisita
571 2950 816 3018 concordantia
835 2951 1042 3018 verificatur.

600 3201 679 3240 neruo
695 3201 723 3239 do
737 3204 835 3251 1111311131
849 3201 1007 3242 directoribus.

323 3382 376 3444 23.
397 3378 453 3444 Ad
469 3379 584 3444 omnia
601 3379 767 3446 nimirum
783 3402 844 3467 per
863 3377 1195 3458 similitudinem,
1215 3397 1378 3463 propor-

236 3506 403 3589 tionem,
429 3506 630 3592 ordinem,
655 3507 1013 3594 symmetriamque
1032 3505 1225 3590 dirigimur.

324 3633 470 3699 Simile
490 3635 586 3700 aliud
604 3635 716 3699 simile
737 3641 842 3716 amat,
864 3632 930 3698 alio
951 3632 1055 3697 simili
1071 3631 1208 3717 gaudet,
1224 3629 1268 3695 ad
1283 3629 1378 3696 aliud

169 3775 212 3840 25
237 3759 351 3825 simile
381 3760 509 3842 fertum
539 3759 652 3824 simile
681 3759 792 3824 simile
824 3757 968 3840 excitat,
1000 3764 1115 3822 movet
1134 3765 1237 3840 atque
1257 3755 1378 3836 1131111;

239 3884 352 3951 simile
381 3886 486 3952 simili
517 3886 569 3967 fir,
604 3894 655 3950 est
685 3892 788 3968 atque
824 3883 1052 3968 cognoscitur.
1086 3880 1381 3946 Similitudinibus

239 4032 323 4097 ergo
342 4011 474 4098 paratis
494 4011 610 4076 omnia
630 4009 789 4088 facimus,
808 4008 929 4072 iisdem
949 4007 1156 4093 comparatis
1174 4006 1290 4070 omnia
1309 4027 1382 4092 per·

239 4137 382 4204 ficimus.

330 4395 597 4462 2methaphysicus
617 4395 642 4445 l’
705 4395 900 4446 ildi‘daxatl'
965 4397 993 4444 15
1010 4393 1104 4456 nobis,
1125 4393 1230 4443 esscl'
1292 4393 1381 4441 20111·

240 4478 299 4531 hilo
310 4479 455 4547 exquisita
468 4478 494 4528 P
