3414 5122
556 434 597 476 nn
618 433 774 477 taurana
795 431 1053 476 conernnroarn.
1319 418 1378 473 245

235 597 340 672 atque
360 589 603 675 multiplicare,
629 596 668 654 ut
687 598 722 655 et
741 589 784 654 ad
812 612 1033 655 numerorum
1058 590 1373 671 elementorumque

234 713 390 780 infinitas
404 715 565 801 progredi
582 715 662 779 licet
677 715 929 802 assumptiones
946 714 1308 802 coassumptionesque
1325 713 1375 777 fa-

235 839 382 905 ciendas,
402 841 494 905 Hinc
518 841 808 928 speculativarum
827 841 1033 909 facultatum
1052 841 1218 906 terminos
1238 839 1377 925 adepti,

234 964 276 1030 ad
291 965 434 1030 eandem
447 967 700 1031 conclusionem
713 990 772 1031 seu
786 966 993 1052 positionem
1010 965 1208 1030 innumeras
1225 965 1376 1029 exsusci-

190 1087 211 1150 5
234 1096 308 1155 tare
324 1091 615 1156 considerationes
632 1098 667 1156 et
683 1098 895 1177 argumenta,
910 1096 944 1154 et
960 1090 1004 1154 ad
1023 1088 1114 1153 idem
1131 1094 1374 1173 argumentum

234 1215 432 1281 innumeras
462 1238 635 1303 opponere
668 1217 855 1281 solutiones
893 1214 1058 1280 facillime
1082 1220 1261 1300 poterunt,
1281 1213 1378 1277 dum-

234 1339 334 1405 modo
353 1342 408 1406 vel
428 1341 620 1406 discursum
643 1342 729 1407 bene
755 1364 774 1405 a
797 1348 924 1405 natura
947 1346 1186 1426 comparatum
1210 1338 1376 1418 habeant,

233 1465 289 1529 vel
313 1473 386 1530 arte
406 1466 521 1552 aliqua
544 1466 774 1532 ratiocinandi
795 1465 980 1531 formulam
1004 1463 1223 1529 mediocriter
1243 1462 1378 1528 fuerint

234 1591 418 1676 assequuti.

171 1926 213 1987 10
270 1920 350 1983 on.
380 1919 521 1997 nnn
555 1919 736 1984 canina
771 1918 829 1982 nr
864 1915 1168 1983 raccannnm
1203 1914 1344 1980 nono.
1405 1870 1513 2023 ἓξ,

727 2146 744 2184 l.
760 2146 893 2185 tlemtrurn.

324 2371 476 2455 Vulgata
495 2369 579 2434 satis
598 2369 691 2456 apud
712 2371 957 2457 Peripateticos
982 2380 1200 2457 caeterosque
1226 2373 1378 2458 philoso-

235 2495 321 2582 phos
355 2502 406 2560 est
438 2495 623 2578 sententia,
660 2496 946 2582 quemadmodum
981 2497 1018 2561 in
1051 2496 1092 2561 iis
1122 2520 1269 2581 quorum
1298 2505 1378 2562 sunt

235 2621 421 2707 principia,
453 2644 575 2685 causae
607 2628 641 2685 et
671 2622 854 2704 clementa,
887 2644 928 2686 ex
957 2621 1079 2687 horum
1104 2630 1155 2687 est
1180 2623 1378 2708 cognitione

171 2750 210 2814 15
233 2745 496 2831 procedendum.
514 2746 601 2811 Cum
617 2746 726 2831 igitur
745 2746 781 2810 in
795 2747 1070 2833 praesentiarum
1090 2747 1257 2812 eiusmodi
1277 2747 1379 2811 nobis

233 2872 474 2954 pertractanda
494 2877 688 2954 occurrant,
707 2894 830 2959 nempe
850 2896 996 2958 quornm
1016 2873 1189 2960 simplicia
1209 2873 1378 2957 quaedam

235 3004 317 3061 sunt
336 2997 526 3079 causantia,
547 2996 719 3084 principia
737 3009 773 3064 et
791 2998 973 3081 elementa,
993 3007 1033 3065 ut
1053 3023 1094 3064 ex
1115 2998 1300 3064 eorundem
1322 3020 1380 3063 no-

233 3121 313 3187 titia
331 3132 573 3209 praecurrente
592 3123 816 3208 procedamus
836 3130 935 3210 oport
957 3130 980 3187 t.
1002 3127 1033 3189 A
1052 3125 1213 3211 partibus
1233 3146 1315 3209 ergo
1336 3124 1380 3188 ad

235 3258 323 3334 tota,
354 3273 374 3314 a
401 3250 619 3337 portionibus
650 3251 694 3315 ad
721 3251 895 3336 integrata
923 3253 1098 3336 regulatus
1123 3252 1321 3316 intellectus
1343 3250 1381 3314 in

169 3378 213 3441 20
235 3376 357 3442 horum
377 3376 615 3461 inquisitione,
635 3376 836 3442 inventione
855 3385 889 3441 et
908 3376 1182 3441 consideratione
1202 3378 1361 3442 ducatur.

719 3653 748 3691 lt.
765 3652 897 3691 Meinhrum.

325 3865 373 3930 Ut
393 3864 501 3950 igitur
520 3864 557 3928 in
576 3862 774 3950 perlegendi
798 3861 1038 3946 scribendique
1058 3867 1131 3925 arte
1151 3884 1170 3925 a
1189 3883 1381 3948 praeappe-

236 3989 321 4054 ratis
338 3990 556 4077 cognitisque
570 3989 749 4055 elementis
768 3988 811 4052 ad
830 3986 1058 4072 syllabalrnm
1076 3986 1378 4071 constitutionem,
1403 3996 1431 4056 b
1452 3995 1504 4055 3v

332 4334 348 4381 2
365 4331 450 4382 liceat
467 4332 491 4381 G
554 4332 594 4381 10.
604 4333 633 4379 ll
651 4331 693 4379 De
708 4330 819 4391 ordino,
832 4335 861 4379 et
871 4331 1041 4394 procedendi
1056 4331 1148 4379 mode.
1161 4331 1228 4394 Cap.
1243 4329 1282 4378 ΙΙ.
1300 4329 1387 4378 Mern-

239 4415 321 4463 brum
345 4415 368 4463 1.
392 4419 572 4478 lrasponpone
592 4407 638 4474 qai
663 4427 676 4458 e
701 4425 804 4473 sempre
830 4408 860 4458 ia
883 4410 982 4474 repetito
1007 4411 1053 4474 (cf.
1081 4412 1122 4460 De
1147 4411 1242 4472 Lamp.
1276 4409 1386 4458 l'cno‘o·

239 4494 296 4558 νέα)
311 4494 424 4543 ΑΑΗΘ
490 4495 519 4542 12
537 4491 745 4556 Peripateticos
759 4491 823 4540 AG:
840 4490 1044 4555 peripateticos
1059 4492 1083 4539 1²
