3414 5122
557 407 602 450 11
622 407 779 454 runcano
800 406 1058 457 conuiuarum.
1323 400 1382 460 283

235 559 273 624 in
294 565 548 628 controversam
569 563 743 630 ducuntur
772 567 1006 636 assertionem.
1035 568 1176 635 Certum
1206 577 1258 635 est
1287 571 1379 636 enim

236 683 389 749 futuram
409 686 564 774 eclipsim
581 687 664 754 luna
683 689 852 756 existente
871 691 908 757 in
928 693 1044 779 capite
1057 694 1113 759 vel
1133 695 1241 761 cauda
1261 695 1381 761 draco·

236 808 305 893 nis,
325 818 456 876 certum
476 833 611 898 quoque
631 813 722 898 quod
742 814 783 880 da
802 815 922 881 eodem
952 817 1139 886 secundum
1169 819 1261 905 quod
1290 820 1381 885 idem

237 936 504 1001 contradictoria
520 959 590 1003 non
606 939 836 1006 verificantur.
856 942 1011 1007 Dubium
1028 949 1080 1008 est
1096 966 1142 1010 au
1158 944 1204 1010 sit
1221 943 1381 1011 futurum

192 1063 213 1126 5
236 1059 376 1144 bellum,
397 1083 442 1127 au
470 1062 586 1149 legum
613 1064 794 1131 innovatio
825 1066 1070 1154 subsequatur,
1091 1091 1136 1134 an
1155 1069 1382 1157 philosophus

236 1185 399 1270 ditescat,
420 1194 455 1252 at
474 1189 652 1272 quodlibet
670 1190 726 1255 vel
747 1190 784 1255 in
802 1190 913 1258 libera
936 1194 1191 1261 consultatione
1216 1195 1382 1281 positum,

217 1317 271 1376 et
291 1311 382 1396 quod
399 1335 496 1378 casus
514 1312 744 1401 fortunaeque
764 1315 892 1381 militat
923 1317 1185 1403 incertitudine,
1217 1327 1252 1384 ot
1282 1342 1384 1405 quae-

239 1457 372 1521 cunque
392 1438 434 1502 de
451 1439 738 1524 pariticularibus
754 1441 793 1507 in
806 1451 932 1508 natura
944 1452 1090 1530 possunt
1103 1443 1274 1530 impediri,
1295 1467 1381 1530 eque
1407 1459 1432 1507 e
1453 1445 1504 1508 2¹

238 1583 377 1627 excessu
396 1561 600 1648 defectuque
619 1572 653 1629 et
673 1566 879 1632 alteratione
897 1567 1101 1635 fluctuantis
1125 1569 1290 1635 materiae
1310 1593 1384 1635 cur-

173 1693 216 1757 10
238 1708 312 1750 sum
332 1686 520 1753 destituere
539 1687 731 1756 definitum.

411 1973 475 2037 DE
508 1974 726 2039 SECVNDA
758 1974 951 2042 RuGVLA
985 1975 1133 2054 ‘QVID'
1169 1977 1207 2042 0.
1408 1962 1517 2024 667

723 2188 762 2227 iv.
778 2189 916 2230 Mcmtrum.

328 2400 446 2480 ‘Quid‘
471 2408 523 2467 est
550 2422 617 2486 quo
642 2400 691 2466 rei
714 2401 936 2468 determinari
962 2403 1158 2489 quaerimus
1183 2405 1379 2487 essentiam,

240 2527 329 2593 etin
349 2550 417 2612 quo
437 2526 568 2612 aliquid
587 2549 713 2613 genere
732 2527 898 2593 consistat
921 2528 1121 2615 ambigitur.
1150 2529 1250 2608 Quod
1278 2529 1308 2595 si
1334 2530 1380 2596 sit

176 2663 217 2727 15
239 2653 550 2739 generalissimum,
582 2659 616 2717 et
648 2660 896 2738 consequenter
930 2676 1040 2739 neque
1074 2677 1183 2740 genus
1218 2655 1382 2721 admittat

241 2801 351 2863 neque
375 2777 621 2859 differentiam,
647 2800 708 2863 per
730 2777 795 2842 hoc
822 2783 938 2843 tamen
964 2778 1189 2844 nihilominus
1219 2802 1381 2866 quaerere

240 2905 321 2969 licet
336 2903 378 2968 de
396 2902 547 2968 eiusdem
566 2902 720 2991 propria,
741 2925 808 2989 qua
827 2902 871 2968 ab
889 2902 967 2969 aliis
985 2904 1170 2990 generibus
1190 2904 1382 2991 distingua-

242 3037 313 3113 tur,
333 3028 478 3107 rationu
500 3028 559 3093 illa
578 3028 705 3093 etenim
722 3027 880 3113 quamvis
900 3050 971 3092 non
987 3051 1049 3115 per
1064 3029 1242 3116 superiora
1256 3053 1382 3115 genera

244 3154 465 3234 definiantur,
486 3151 574 3216 nihil
593 3151 739 3239 impedit
757 3151 958 3237 quominuS‚
979 3174 1040 3238 per
1067 3175 1212 3237 eaquae
1242 3153 1385 3218 circum-

176 3283 221 3346 20
243 3279 333 3345 circa
352 3284 386 3342 et
405 3277 514 3342 veluti
534 3300 554 3342 a
577 3276 684 3342 latere
713 3283 796 3342 sunt
824 3276 997 3362 apposita,
1030 3276 1132 3342 certis
1159 3277 1270 3342 veluti
1300 3277 1386 3363 sepi-

243 3402 369 3471 mentis
403 3401 495 3467 intra
522 3401 681 3488 proprios
709 3401 793 3466 fines
825 3401 973 3467 coercita
1005 3402 1256 3487 intelligantur.
1289 3400 1383 3479 Quae

244 3529 354 3615 igitur
372 3549 443 3593 non
458 3549 519 3613 per
539 3526 715 3612 superiora
738 3548 850 3613 neque
871 3549 934 3614 per
953 3525 1131 3608 inferiora,
1150 3549 1211 3614 per
1228 3528 1386 3612 aequalia

245 3651 351 3739 probe
370 3656 534 3737 poterunt
552 3649 705 3734 definiri3
722 3651 777 3715 vel
797 3651 938 3735 inquam
961 3672 1024 3737 per
1054 3673 1171 3716 eorum
1196 3650 1322 3735 quibus
1342 3651 1386 3717 ab

246 3776 324 3842 aliis
340 3775 594 3842 universalibus
610 3775 846 3862 dissepiuntur
857 3775 1100 3863 proprietates,
1114 3776 1169 3841 vel
1185 3795 1256 3840 non
1267 3775 1386 3862 inepto

178 3904 221 3966 25
246 3923 314 3986 quo
333 3898 843 3982 Lulliusfacit1n0d0,dicens:
864 3900 1056 3967 bonitatem
1076 3923 1149 3966 esse
1169 3923 1236 3986 qua
1256 3902 1388 3986 magni·

246 4026 343 4108 tudo,
359 4025 510 4107 duratio,
527 4030 680 4111 potestas
696 4029 731 4089 et
750 4046 974 4111 quaecunque
993 4032 1089 4109 sunt,
1105 4026 1196 4092 bona
1214 4032 1310 4111 sunt,
1329 4048 1388 4091 seu

338 4307 354 4356 2
371 4306 499 4372 eclipsim
522 4304 560 4356 G:
581 4306 719 4370 eclypsim
736 4305 762 4355 P
824 4307 874 4357 7.8
892 4320 1081 4371 1111111111
1102 4305 1167 4357 AG:
1181 4313 1350 4372 quaeerique
1364 4307 1389 4357 P

248 4389 278 4439 13
306 4387 470 4453 quaerimus
496 4385 565 4437 Aa:
592 4386 741 4452 querimus
766 4385 791 4435 P
872 4386 902 4436 14
925 4385 1084 4451 ambigitur
1104 4387 1170 4437 AG:
1200 4387 1342 4454 ambigiur
1362 4388 1389 4438 P

247 4470 279 4521 25
295 4482 353 4536 111
367 4466 447 4531 (dopo
462 4471 535 4533 essa)
550 4466 586 4518 G:
601 4481 658 4534 quo
673 4466 700 4516 P
