3414 5122
525 443 722 487 1111111111
742 442 901 486 ruitum
924 443 1134 487 storicorum.
1347 431 1402 488 12¹5·

256 600 444 667 multitudo
463 599 650 666 diducitur.
669 600 822 667 Numero
841 610 990 688 quatuor
1013 616 1046 666 et
1066 601 1197 688 viginti
1215 602 1401 669 elemento·

256 750 346 810 rum,
365 727 521 794 omnium
540 750 627 813 qnae
644 727 801 811 fuerunt,
821 736 955 794 suntet
981 744 1058 794 esse
1088 747 1231 815 possunt
1253 729 1404 797 infinite

255 875 335 918 rum
365 851 573 918 idiomatum
603 852 772 918 vocabula
806 853 1078 939 articulataeque
1111 875 1212 919 voces
1246 852 1403 919 infinitae

257 977 401 1044 conflari
418 986 574 1064 possunt.
592 977 762 1044 Videatur
779 1001 862 1066 ergo
890 978 1061 1064 quomodo
1091 978 1273 1061 tentando,
1304 1002 1403 1067 expe-

213 1100 236 1167 ὖ
256 1102 391 1186 riendo,
411 1103 635 1170 conferendo.
654 1103 856 1185 dividendo,
881 1104 1131 1191 componendo,
1150 1104 1401 1189 coucerueudo,

256 1227 486 1294 abstrahendo
505 1228 550 1294 ad
569 1229 840 1295 innumerabiles
867 1229 1003 1316 accingi
1032 1230 1208 1296 valeamus
1233 1230 1404 1297 inventio·

256 1375 326 1418 nes.
348 1353 438 1432 Quid
469 1354 584 1419 enim?
613 1354 738 1421 Nonne
762 1355 938 1420 multoties
967 1354 1068 1421 uobis
1097 1361 1230 1421 certum
1260 1376 1402 1443 scopum

257 1478 531 1567 praefigentibus
546 1479 640 1545 aliud
659 1480 815 1566 quaesito
829 1479 981 1546 nobilius
1000 1479 1169 1546 occurrit?
1183 1479 1303 1567 Ipsum
1320 1503 1403 1547 sane

257 1602 535 1690 frequentissime
572 1604 762 1671 alchimicis
794 1605 946 1672 accidere
977 1605 1222 1694 experimentis
1247 1627 1319 1671 non
1348 1614 1401 1673 est

192 1736 236 1800 10
257 1752 359 1815 quem
373 1728 494 1811 lateat,
513 1731 638 1817 quibus
655 1731 830 1797 multoties
843 1753 927 1798 auro
941 1731 1134 1819 perquisito
1146 1731 1249 1818 louge
1260 1731 1403 1828 meliora

256 1855 366 1920 velex
384 1878 494 1942 aequo
513 1855 753 1922 desiderabilia
766 1857 984 1923 adinvenisse
998 1857 1135 1924 accidit.
1146 1857 1250 1923 Mitto
1263 1857 1356 1944 quod
1367 1865 1403 1923 et

257 1980 347 2045 mala
368 1982 372 2066 Ι
393 1989 497 2068 atque
508 1981 694 2047 deterrima
705 2005 767 2069 pro
780 1982 880 2049 bonis
890 1983 1099 2072 optimisque
1112 2006 1185 2049 sese
1194 1982 1400 2066 obimatum,
1428 1982 1537 2047 526

258 2105 347 2171 nihil
377 2107 470 2172 enim
500 2107 537 2172 in
567 2116 691 2172 natura
714 2111 872 2194 pujrum,
901 2108 1060 2193 bonoque
1090 2107 1180 2173 nihil
1204 2114 1239 2174 11
1264 2107 1402 2174 affinius
1426 2123 1457 2172 a
1477 2109 1531 2173 δ’

258 2230 358 2296 malo.
379 2232 427 2298 Ut
445 2232 537 2297 enim
556 2230 700 2319 physica
720 2233 863 2298 materia
881 2256 953 2299 uon
972 2254 1124 2318 [mquam
1144 2232 1262 2317 aliqua
1290 2231 1402 2298 forma

193 2359 235 2423 15
258 2355 469 2440 denudatur,
481 2356 530 2422 ita
543 2357 712 2423 naturalis
725 2358 835 2424 forma
846 2380 1036 2444 numquam
1049 2381 1069 2423 a
1081 2357 1226 2423 materia
1245 2357 1401 2423 seiuncta

258 2481 443 2568 reperitur,
463 2490 503 2547 ut
522 2481 629 2547 aiunt.

528 2749 662 2802 Agricolae,
678 2752 717 2799 qui
732 2755 824 2790 octavus
839 2755 874 2790 cst
888 2749 988 2800 sigillus,
1003 2749 1134 2799 explicatio.

341 2955 502 3039 Aliquem
514 2963 681 3041 perpetuo
694 2953 823 3041 Campo
835 2961 1052 3040 praesentem
1065 2953 1290 3036 instituimus,
1300 2974 1401 3040 quom

260 3078 360 3145 modo
380 3079 590 3145 adiectivum
607 3079 812 3162 subiectum,
830 3079 931 3144 modo
949 3079 1098 3144 ammam
1114 3078 1194 3161 loci,
1211 3100 1305 3143 nunc
1320 3099 1402 3143 vero

191 3211 236 3275 20
260 3204 458 3291 Agricolam
474 3205 696 3292 appellamus.
713 3203 765 3269 De
781 3204 845 3269 hoo
863 3204 1013 3270 diximus
1031 3205 1069 3268 in
1085 3203 1233 3270 secunda
1250 3203 1403 3269 theoriae

258 3328 375 3394 Artis
405 3328 705 3394 reminiscendi
728 3337 845 3416 purte,
873 3352 951 3394 oum
978 3329 1138 3394 ultimam
1165 3328 1400 3394 subiectorum

259 3453 492 3519 conditionem
512 3451 755 3519 adduceremus
778 3455 817 3519 in
841 3453 1005 3536 medium3
1030 3452 1147 3518 differt
1167 3460 1282 3518 autem
1311 3453 1402 3538 quod

258 3576 315 3641 hio
330 3578 468 3642 nomine
485 3578 655 3664 agricolae
672 3577 887 3663 adducirntm,
901 3580 997 3645 abeo
1017 3577 1108 3665 quod
1121 3578 1171 3643 ibi
1183 3577 1323 3644 nomine
1334 3577 1402 3644 loci

260 3702 438 3785 adiectivi,
458 3710 533 3769 tum
553 3704 647 3789 quia,
667 3705 758 3789 quod
776 3704 832 3770 hic
851 3705 978 3792 apponi
997 3705 1244 3792 praecipimus
1262 3711 1313 3769 est
1330 3703 1401 3769 ani·

193 3841 236 3906 25
260 3835 393 3895 matum
417 3837 450 3895 11
474 3831 542 3895 tale
566 3833 770 3912 animatum,
787 3831 879 3916 quod
894 3832 949 3896 vel
965 3832 1191 3896 inexistenter
1211 3828 1400 3896 1111111111-

260 3960 378 4021 renter
411 3955 465 4020 vel
493 3955 698 4022 adsistenter
732 3957 787 4022 vel
816 3957 1077 4021 circumstanter
1106 3956 1260 4021 omnium
1284 3962 1401 4042 potest

261 4103 333 4145 esse
363 4080 595 4166 susceptivum
627 4088 661 4144 et
692 4089 940 4167 consequenter
968 4079 1280 4169 praesentativum,
1309 4077 1400 4144 unde

261 4205 353 4269 sicut
366 4204 532 4270 muudum
548 4206 613 4271 Dei
630 4206 817 4293 imaginem
831 4205 960 4290 dixere,
975 4206 1026 4272 ita
1042 4212 1077 4271 11
1089 4204 1264 4269 hominem
1279 4200 1399 4268 muudi

356 4476 368 4523 1
383 4474 535 4524 deducitur
548 4471 692 4523 eremitati
757 4474 787 4524 13
805 4472 842 4538 ot]
857 4474 924 4524 est?
985 4474 1015 4523 21
1032 4472 1109 4524 Cant.
1126 4471 1237 4533 01111.
1251 4471 1302 4521 22⁷
1315 4488 1352 4535 aq.

394 4586 471 4625 Bnuru
487 4585 542 4635 Opp.
558 4586 598 4623 iat.
613 4583 648 4634 ii,
665 4586 685 4624 2.
1218 4582 1242 4622 l'i
