3414 5122
530 457 728 503 1111111111
750 457 909 502 nannum
931 456 1140 505 srainnoavu.
1352 444 1407 503 135

264 616 490 704 propriosque
519 613 667 679 cultores
695 612 859 696 destinat,
890 613 948 697 qui
979 612 1131 679 diversas
1155 613 1284 678 situum
1309 614 1409 679 adsu-

264 747 396 807 mentes
424 738 653 823 differentiae,
681 738 943 826 praecedentem
974 739 1262 825 adsequentemve
1291 761 1410 805 conso·

265 866 383 932 nantis
402 870 585 932 sonantem
603 863 771 949 referant,
796 870 831 929 et
850 865 952 930 certis
975 863 1182 930 differentiis
1208 865 1293 930 alias
1313 865 1411 931 adsu-

264 1011 356 1057 mere
376 989 651 1056 combinationes
669 990 725 1055 vel
744 988 913 1054 elementa
936 990 1092 1074 valeant,
1122 989 1409 1075 quemadmodum

222 1127 243 1192 5
265 1138 328 1205 per
347 1117 507 1204 aenigma
526 1116 564 1181 in
583 1115 651 1181 fine
670 1115 787 1181 Artis
811 1115 1105 1181 reminiscendi
1135 1117 1332 1204 appositum
1356 1117 1411 1181 de·

267 1242 475 1309 notavimus.

355 1367 420 1433 Est
439 1365 545 1432 etiam
565 1363 707 1430 Phidias
730 1364 912 1449 formator,
934 1371 972 1430 ut
992 1386 1079 1449 quae
1097 1365 1211 1452 pictor
1240 1366 1337 1432 velut
1367 1389 1410 1432 ex

265 1491 343 1558 aliis
362 1490 607 1579 exemplariter
625 1488 756 1574 educit,
787 1497 821 1555 et
840 1488 901 1555 ubi
919 1488 1017 1555 velut
1046 1512 1148 1577 super
1177 1490 1299 1556 alienis
1327 1489 1410 1557 deli·

264 1622 456 1688 neomeniis
481 1620 662 1687 elaborans
686 1621 877 1704 invenitur,
902 1621 952 1686 ita
974 1620 1094 1705 ibique
1118 1621 1307 1687 statuarius
1330 1619 1410 1686 Phi·

201 1755 243 1819 10
266 1748 341 1815 dias
358 1749 414 1815 vel
431 1748 529 1835 quasi
548 1745 755 1815 formatione
774 1746 922 1832 quadam
938 1769 957 1811 e
974 1768 1050 1811 cera
1069 1745 1225 1832 effingat,
1239 1746 1292 1811 vel
1308 1745 1410 1830 quasi

267 1872 446 1940 additione
481 1871 704 1961 pluriumque
740 1871 938 1958 lapillorum
967 1870 1186 1938 ordinatione
1215 1877 1407 1955 construat,

264 1998 319 2065 vel
333 1998 432 2084 quasi
448 1998 684 2064 subtractione
700 1996 871 2063 incultum
889 1995 1141 2082 informemque
1156 1996 1308 2084 lapidem
1323 1996 1409 2082 figu-

266 2123 413 2190 randum
433 2123 577 2210 sculpat.

354 2247 556 2329 Phantasia,
573 2269 676 2333 quam
701 2247 845 2312 Zeuxim
864 2246 1105 2331 Pictoremque
1129 2244 1407 2332 appellavilmus,
1431 2253 1460 2313 b
1480 2256 1521 2316 1¹·

202 2378 244 2442 15
268 2371 412 2438 eandem
430 2395 500 2438 non
519 2371 648 2438 iniuria
667 2371 811 2438 Phidiae
829 2371 968 2437 nomine
988 2372 1025 2436 in
1048 2371 1226 2459 proposito
1251 2370 1409 2435 intitula·
1429 2402 1432 2408 ·

265 2497 388 2564 bimus.

357 2623 453 2688 Haec
471 2630 523 2688 est
553 2624 742 2689 statuarius
762 2622 834 2705 ille,
855 2624 915 2710 qui
945 2623 1113 2690 famosam
1136 2621 1411 2690 Nabuchodono·
1437 2619 1534 2683 531

268 2748 355 2815 soris
375 2755 527 2814 statuam
552 2748 673 2830 erexit,
698 2747 782 2814 haec
812 2748 1005 2815 ordinatam
1026 2747 1187 2814 fortunae
1216 2747 1316 2833 regni
1335 2768 1410 2812 suc·

172 2917 174 2920 -
268 2873 456 2941 cessionem
494 2871 691 2959 descripsit,
729 2874 812 2938 haec
851 2873 1123 2960 tropologiarum
1160 2871 1309 2938 fabricat
1346 2871 1412 2936 dis-

201 3004 246 3068 20
270 3022 404 3085 cursus,
423 3000 508 3065 haec
527 3000 657 3065 formae
687 2999 902 3066 conditiones
921 2999 959 3065 in
990 3000 1106 3085 aliquo
1126 2998 1295 3082 sensibili,
1321 2998 1411 3063 circa

267 3125 359 3212 quod
395 3132 429 3190 et
462 3126 499 3190 in
536 3146 602 3209 quo
641 3124 805 3211 pleraque
844 3123 1077 3211 metaphorice
1111 3123 1279 3205 delineat,
1318 3131 1409 3188 certo

266 3250 414 3337 quodam
431 3249 551 3315 ordine
568 3248 755 3334 eademque
776 3271 843 3335 <qua
859 3249 1054 3315 meminisse
1073 3247 1231 3315 volumus
1252 3247 1339 3314 serie
1356 3247 1411 3312 de·

266 3374 394 3441 scribit.
416 3373 529 3439 Huius
549 3372 715 3459 suffragio
736 3374 772 3437 in
792 3372 961 3438 Centum
986 3380 1216 3439 statuarum
1233 3372 1410 3439 volumine

266 3497 480 3566 conditiones
501 3497 671 3564 virtutum
690 3506 794 3584 atque
809 3497 976 3564 vitiorum
995 3497 1173 3563 universas
1189 3497 1240 3562 ita
1256 3497 1408 3582 quando-

199 3626 242 3690 21)
267 3648 333 3710 que
352 3623 608 3710 descripsimus,
626 3632 665 3688 11
681 3646 797 3689 aarum
814 3623 916 3688 lectio
933 3622 1184 3706 delectabilior,
1202 3623 1408 3710 contempla·

266 3749 316 3814 tio
350 3747 548 3832 iucundior,
584 3748 784 3814 distributio
820 3747 1023 3831 ordinatior,
1061 3747 1163 3813 series
1198 3747 1407 3831 distinctior,

267 3874 537 3940 similitudinum
557 3874 921 3960 comparationumque
941 3883 1190 3959 consequenter
1209 3878 1408 3938 concatena-

267 3999 389 4063 bilium
409 3998 566 4062 inventio
585 3999 778 4085 promptior
797 4008 831 4064 et
850 3999 1013 4065 memoria
1036 3998 1188 4063 tenacior
1212 3997 1405 4062 haberetur.

267 4123 381 4190 Huius
398 4145 462 4210 ope
476 4124 520 4188 ad
535 4122 804 4190 similitudinum
819 4146 882 4189 nos
900 4124 1002 4190 facile
1021 4123 1269 4189 concitavimus
1288 4122 1408 4187 inven-

267 4323 391 4330 --——-.
399 4324 558 4331 ——-.r
576 4323 1096 4331 .———-—-——————

357 4442 505 4505 oenigma
522 4442 548 4491 P
611 4444 692 4492 Artis
709 4441 894 4511 etc.]=Ccat
916 4440 987 4494 t'irc.
1011 4460 1040 4506 p.
1064 4444 1116 4492 253
1136 4443 1216 4493 Imtr.
1281 4443 1357 4494 91111
1381 4444 1405 4493 (1

266 4526 296 4574 11
313 4522 537 4574 Ρ11111111111111
600 4522 753 4573 ZeusimP
816 4524 1191 4577 27.2800noathenabilium
1205 4523 1231 4573 P
