3414 5122
542 434 586 478 nn
607 433 764 478 taurana
785 433 1042 479 coumuuuoma.
1304 419 1363 477 249

219 589 503 656 constitutionem
523 590 681 676 quamvis
699 592 814 678 plures
837 589 978 656 termini
1002 611 1203 657 concurrere
1226 588 1364 655 videan-

219 722 289 798 tur,
307 738 395 781 unus
410 723 527 781 tamen
543 724 625 781 sunt
641 716 824 800 terminus,
841 715 1119 802 quandoquidem
1135 714 1209 781 sine
1226 715 1364 801 copula,

219 844 325 909 verbo
344 843 487 928 inquam
506 844 741 928 substantivo,
760 844 821 910 ubi
840 845 937 909 nulla
956 851 1009 909 est
1028 841 1212 908 affirmatio
1231 843 1288 908 vel
1305 864 1363 907 ue·

220 968 330 1054 gotio,
365 968 462 1034 nulla
496 968 616 1034 itidem
642 969 846 1054 verifioati0,
875 969 991 1036 nullus
1018 967 1148 1056 poterit
1175 991 1248 1034 esse
1276 990 1364 1034 oom-

176 1101 197 1164 5
219 1094 341 1180 plexus
360 1094 539 1159 terminus,

331 1219 465 1285 Horum
489 1219 549 1284 alii
574 1220 795 1306 appellantur
818 1219 1109 1306 categorernatioi,
1128 1218 1188 1284 alii
1208 1223 1364 1304 syncate
1388 1222 1497 1286 640

221 1342 436 1430 goramatioi:
453 1344 558 1432 primi
576 1344 712 1432 generis
732 1351 832 1428 sunt,
857 1345 917 1430 qui
939 1367 1002 1431 per
1024 1367 1060 1410 se
1079 1344 1209 1430 sumpti
1233 1341 1365 1429 aliquid

222 1469 307 1534 certi
326 1476 360 1534 et
379 1470 514 1536 definiti
538 1477 813 1557 repraesentant3
834 1470 975 1536 secundi
994 1491 1091 1556 vero,
1111 1470 1261 1556 quinon
1284 1474 1366 1534 sunt

222 1598 297 1684 apti
316 1597 359 1662 ad
379 1597 571 1685 quippiam,
592 1598 661 1664 nisi
681 1597 845 1664 eumalio
875 1598 986 1663 iuneti
1015 1597 1163 1664 termino
1195 1602 1367 1682 categora-

158 1733 201 1797 10
223 1722 363 1805 matina,
384 1723 667 1810 significandum:
686 1723 787 1790 huius
803 1723 939 1810 generis
956 1731 1037 1791 sunt
1056 1724 1156 1810 signa
1175 1721 1367 1789 distributi-

222 1871 278 1932 va,
299 1850 457 1934 copulae,
477 1849 725 1916 disiunctiones
746 1858 781 1916 et
797 1856 947 1938 (praeter
966 1850 1106 1916 nomina
1125 1856 1230 1934 atque
1248 1846 1367 1929 verba)

222 1976 258 2041 id
278 1999 388 2063 genus
408 1977 486 2042 alia.

311 2104 412 2170 Lioet
426 2112 612 2190 utrumque
631 2104 840 2192 simplicium
856 2105 1084 2171 terminorum
1106 2127 1216 2192 genus
1233 2126 1298 2170 usu
1313 2126 1368 2169 ve-

223 2228 310 2312 niat,
336 2236 376 2295 ut
404 2229 580 2296 videbitur
607 2230 700 2297 infra
723 2231 761 2296 in
784 2238 860 2297 rota
885 2230 1138 2317 quaestionum,
1159 2252 1218 2295 seu
1238 2228 1370 2314 regula·

162 2358 202 2422 15
225 2377 303 2420 rum
326 2362 364 2421 ut
382 2355 519 2422 Lullius
538 2356 703 2444 appellat,
723 2379 786 2423 nos
809 2357 846 2422 in
870 2356 1047 2445 proposito
1067 2354 1369 2442 categorematioo-

225 2505 302 2548 rum
321 2483 492 2551 duntaxat
512 2483 717 2551 divisionem
735 2483 911 2551 faciemus

707 2792 737 2831 11.
753 2791 888 2832 Membrum.

318 3036 532 3125 Simpliciter
551 3056 632 3120 ergo
651 3032 981 3121 apprehensibilium
1001 3032 1069 3099 alia
1085 3038 1166 3098 sunt
1182 3031 1224 3097 de
1243 3032 1370 3117 quibus
1393 3037 1422 3099 b
1443 3037 1494 3100 6r

229 3165 361 3251 aliquid
379 3163 507 3229 dicitur
533 3184 592 3227 seu
622 3161 789 3244 subiecta,
810 3159 879 3226 alia
906 3166 987 3225 sunt
1017 3159 1165 3246 quaeda
1185 3159 1300 3246 aliquo
1322 3161 1370 3224 di·

163 3297 207 3360 20
230 3300 354 3358 cuntur
391 3311 449 3355 seu
477 3285 686 3375 praedicata
719 3285 803 3351 haec
835 3285 927 3350 enim
958 3291 1054 3364 sunt,
1082 3284 1120 3349 in
1143 3307 1231 3371 quae
1258 3285 1369 3350 omnis

229 3416 419 3485 verificatio
449 3414 652 3497 resolvitur,
682 3420 722 3478 ut
751 3413 789 3477 in
817 3411 881 3477 hac
910 3409 1147 3498 propositione
1180 3410 1370 3476 ‘Mundus

230 3549 291 3609 est
315 3539 732 3621 aeternus’,1nundus
756 3537 892 3624 eapitur
915 3542 954 3601 ut
973 3536 1015 3600 (16
1039 3557 1107 3620 quo
1131 3534 1263 3620 aliquid
1286 3535 1370 3600 dioi-

231 3673 301 3752 tur,
323 3674 532 3733 aeternum
559 3670 733 3731 autemut
753 3662 845 3748 quod
864 3662 906 3727 (16
925 3661 1042 3746 aliquo
1062 3660 1198 3725 dicitur.

319 3794 362 3858 In
381 3794 475 3859 omui
495 3795 604 3881 igitur
623 3789 857 3856 verificatione
877 3812 937 3854 seu
963 3789 1177 3876 problemate
1201 3788 1289 3853 nihil
1318 3794 1371 3854 est

164 3929 208 3993 25
232 3920 324 4006 quod
343 3921 486 3986 ulterius
506 3918 675 4006 inspicere
699 3915 917 4003 potissimum
940 3914 1111 4001 possimus
1139 3920 1276 4000 praeter
1305 3915 1373 3980 duo

231 4046 315 4113 haee
337 4046 539 4133 praecipua,
570 4047 694 4132 quibus
729 4043 854 4110 adnexi
881 4042 1101 4131 postmodum
1131 4042 1374 4129 intelligantur

1234 4238 1363 4248 ———-

323 4363 340 4411 6
364 4355 596 4423 catagoramatioi
623 4352 659 4403 G:
687 4351 941 4414 cathegoramatioi
961 4350 987 4399 P
1049 4349 1097 4399 6.7
1125 4354 1372 4413 syncategorema-

233 4444 285 4495 tioi
307 4441 382 4493 A²az
405 4433 714 4505 syncathogorematiei
736 4434 774 4486 Ρ(
796 4431 950 4484 timiamate
969 4430 999 4481 ia
1016 4429 1114 4496 aeyuito
1177 4432 1373 4495 8r0praeson-

233 4529 297 4576 taut
309 4521 387 4574 21²0:
402 4523 602 4586 representant
614 4516 638 4567 1³

367 4616 443 4656 Bucar
459 4614 513 4663 Opp.
526 4612 566 4652 lat.
581 4612 616 4662 11,
632 4614 652 4651 2.
1188 4604 1215 4642 32
