3414 5122
647 437 801 484 aromaca
821 438 1031 484 srsrntoavn.
1353 424 1411 485 189

269 592 485 659 credulorum
504 600 586 661 sunt
613 593 796 677 efficaciae,
817 601 856 660 ut
887 594 930 660 ad
953 593 1163 661 turbandam
1186 595 1408 682 phantasiam

268 721 355 804 (sinc
383 744 451 807 qua
481 722 649 788 eiusmodi
678 722 860 788 affectibus
890 721 1042 787 alienata
1071 743 1194 808 parum
1224 729 1285 788 aut
1319 720 1410 788 forte

267 844 355 910 nihil
373 846 568 930 conferrmt)
591 848 741 913 maxime
763 847 967 913 conducant.
988 846 1136 932 Physica
1156 847 1161 935 Ι
1181 847 1275 914 enim
1299 847 1351 930 fit,
1370 855 1411 914 ut
1436 867 1461 916 e
1482 855 1535 919 '7⁹

266 994 328 1058 per
344 973 518 1040 temerarii
534 973 712 1041 cuiusdam
727 974 863 1040 timoris
879 979 994 1060 (quem
1010 974 1048 1039 in
1064 974 1245 1041 audaciam
1261 977 1411 1043 rusticus

223 1107 243 1169 ὃ
267 1122 363 1166 amor
382 1101 505 1188 adigit)
528 1100 832 1189 praestolationem
863 1100 1074 1168 commodius
1098 1100 1338 1188 efficaciusque
1357 1125 1411 1169 eo-

267 1227 423 1293 rumdem
449 1227 586 1293 turbari
613 1228 729 1294 valeat
758 1227 952 1315 phantasia.
989 1227 1098 1293 Plane
1132 1227 1226 1292 enim
1259 1234 1410 1313 constat,

265 1350 350 1417 haec
368 1353 597 1419 nobilioribus
616 1353 741 1419 animis
760 1353 980 1441 ingeniisque
1003 1352 1217 1419 felicioribus
1240 1360 1276 1419 et
1295 1360 1411 1420 actum

267 1475 529 1563 imaginationis
548 1500 653 1566 supra
675 1478 936 1566 phantasticum
955 1477 1129 1544 obiectum
1159 1476 1334 1544 reflectere
1353 1500 1412 1566 po-

267 1600 423 1668 tentibus
453 1625 525 1669 esse
552 1602 790 1691 impossibilia.
819 1603 915 1668 Haeo
944 1602 1073 1668 etenim
1104 1602 1210 1688 (sicut
1236 1608 1271 1669 et
1300 1602 1412 1670 altera
1520 1601 1523 1607 ’

204 1739 245 1801 10
267 1727 424 1814 proxime
442 1726 633 1811 referenda)
653 1751 724 1795 non
749 1751 792 1794 ex
815 1727 1069 1816 temperatioris
1097 1727 1346 1794 melancholiae
1363 1727 1412 1794 di-

269 1853 462 1921 vinioribus
480 1854 632 1942 ingeniis
655 1854 893 1921 subserviente
911 1854 1071 1938 materia,
1091 1874 1199 1940 supra
1227 1874 1331 1940 quam
1349 1876 1412 1941 per

269 1979 490 2064 cogitationis
524 1979 765 2046 fortitudinem
802 1979 1022 2061 attolluntur,
1057 1978 1116 2044 sed
1144 2000 1207 2066 per
1236 1978 1411 2064 quandam

268 2103 441 2169 ratiocinii
472 2105 747 2173 imbecillitatem
774 2105 812 2170 in
840 2103 1011 2191 gremium
1034 2102 1201 2170 materiae
1233 2104 1410 2170 crassioris

268 2229 421 2296 immersi
440 2231 714 2319 supprimuntur.

615 2448 649 2487 Do
664 2448 798 2489 duodecima
811 2449 976 2489 coutraotlonla
991 2449 1074 2499 sparte.

356 2617 439 2702 (46.)
456 2619 530 2683 Iam
554 2616 597 2683 ad
616 2638 686 2683 non
706 2617 817 2703 magis
835 2617 1035 2703 ingeniosos
1058 2616 1317 2705 apocalypticos
1336 2637 1413 2684 nos·

268 2751 340 2809 tros
358 2742 595 2830 respiciamus,
620 2743 680 2828 qui
700 2765 778 2808 cum
797 2741 950 2808 eiusdem
974 2742 1121 2830 pessime
1140 2742 1266 2808 olentis
1284 2740 1412 2808 melan-

267 2869 398 2934 choliae
421 2867 534 2956 specie
556 2868 730 2954 laborent,
760 2869 830 2934 fine
853 2875 971 2934 tamen
993 2891 1056 2956 per
1080 2866 1239 2934 libidinis
1268 2866 1411 2933 diversi·

267 3001 375 3060 tatem
401 2994 581 3076 differunt;
610 2992 676 3058 hoo
698 2992 848 3059 maxime
881 2992 1105 3076 detestamur,
1131 2990 1410 3078 quandoquidem

200 3130 245 3195 20
267 3119 407 3186 interim
435 3086 538 3185 stulti
557 3141 627 3184 non
657 3118 833 3206 propriam
856 3117 971 3200 modu,
1001 3117 1061 3184 sed
1081 3126 1116 3183 et
1144 3117 1291 3183 aliorum
1310 3117 1409 3204 igno-

267 3252 405 3313 rantum
431 3256 465 3311 et
483 3245 658 3312 asinorum
689 3247 829 3332 (quibus
848 3244 1036 3333 prophetae
1067 3249 1172 3329 atque
1201 3242 1412 3309 revelaturos

266 3373 408 3460 pietatis
435 3377 617 3460 apparent)
651 3371 887 3459 turpissimam
920 3369 1108 3436 stultitiam
1142 3368 1334 3433 enutriunt.
1363 3366 1411 3432 Hi

266 3520 365 3583 mage
393 3498 551 3564 naturale
581 3497 835 3563 nutrimentum
866 3499 1126 3563 contemnentes
1157 3499 1341 3579 postquam
1374 3490 1411 3556 in

266 3623 411 3689 maciem
430 3630 464 3689 et
482 3623 607 3689 vitiose
627 3621 825 3689 Saturniam
845 3619 1116 3708 complexionem
1135 3616 1267 3683 fuerint
1286 3616 1409 3701 adacti,

199 3769 242 3831 25
267 3750 473 3837 quibusdam
485 3749 541 3831 (ad
553 3749 772 3838 phantasiam
784 3747 1067 3837 perturbandam)
1088 3754 1093 3834 Ι
1114 3744 1303 3834 aptissimis
1315 3765 1411 3831 prae-
1434 3755 1459 3804 e
1481 3742 1531 3805 8Ι

265 3875 333 3942 viis
363 3885 461 3962 (quas
493 3875 569 3963 pias
601 3875 758 3956 credunt)
792 3872 1076 3940 meditationibus
1105 3877 1109 3956 Ι
1134 3871 1203 3958 ipsi
1234 3867 1409 3935 faventem
1435 3865 1544 3931 57?

265 4000 378 4067 noctis
406 4001 565 4067 umbram
589 4001 707 4089 potiti,
739 4000 920 4067 tristitiam
950 3998 1124 4084 quandam
1148 3995 1315 4078 subeunt,
1347 3992 1409 4060 ubi

359 4260 390 4309 14
406 4260 627 4326 supprimuntur
640 4260 679 4311 P:
693 4259 896 4325 perpetiuntur
910 4263 1066 4323 coopertura
1081 4255 1105 4306 G
1170 4256 1201 4306 16
1217 4270 1313 4305 aranea
1330 4253 1352 4304 iz
1364 4269 1414 4303 aa·

267 4355 339 4390 asaro
359 4340 389 4390 di
411 4348 499 4405 quaero
517 4341 678 4406 paragrafo
698 4356 711 4391 a
732 4339 776 4389 dcl
796 4343 914 4405 reparate
934 4338 964 4388 ia
985 4337 1011 4387 P
1074 4337 1155 4387 1218
1178 4334 1365 4385 melancoliae
1386 4333 1412 4383 P

267 4421 297 4470 19
314 4421 518 4473 lroeancndaG
571 4422 601 4471 21
615 4420 827 4486 prophaetaeP
881 4417 1066 4469 asviaioseo
1123 4417 1288 4468 Saturniam
1302 4416 1412 4474 «italas.

263 4522 292 4567 p.
312 4505 367 4562 191,
381 4504 424 4552 23.
441 4502 537 4567 Lamp.
551 4502 614 4568 trip.
630 4507 690 4553 atat.
708 4501 770 4561 140,
784 4501 816 4549 15
877 4499 957 4549 2526
974 4498 1083 4566 preuija
1097 4497 1123 4546 1²
1186 4493 1413 4560 utqualdamP
