3414 5122
324 368 362 427 92
763 379 903 425 roaoaur
924 376 1025 423 novur

295 616 297 621 ¹
324 539 566 623 subiectorum,
579 536 815 625 praedicatum
827 535 1007 620 utriusque
1022 533 1159 620 generis
1172 540 1207 598 ct
1223 533 1465 619 quaestionum

324 667 433 751 mode,
450 666 509 733 sed
525 673 560 731 et
577 665 752 732 actionum
768 671 803 729 et
821 661 1035 750 passionum,
1048 682 1270 747 organorum,
1284 660 1464 744 comitum,

323 794 521 881 principum
550 800 584 858 et
608 813 784 858 servorum
813 797 944 856 certum
970 788 1055 853 mihi
1083 810 1266 854 numerum
1290 810 1466 877 compara-

325 921 415 986 bam.
444 920 605 1004 Haecque
629 924 728 983 erant
754 938 816 1003 per
844 939 933 1002 quae
960 914 1149 980 successive
1176 913 1400 1003 ¹scientiarum
1428 920 1465 980 et
1564 976 1567 981 .

279 1057 300 1119 5
324 1048 470 1113 aliarum
488 1046 694 1113 facultatum
713 1043 937 1132 particularia
961 1042 1127 1123 subiecta,
1147 1049 1311 1125 tanquam
1330 1063 1393 1128 per
1412 1064 1465 1107 ea-

322 1178 400 1242 dem
419 1173 598 1241 afficienda
618 1171 836 1237 deducebam.
858 1172 862 1256 Ι
884 1170 1017 1236 Horum
1037 1169 1176 1255 quidem
1196 1168 1296 1255 signa
1314 1191 1376 1255 per
1394 1192 1464 1236 cer·
1486 1172 1541 1234 8'

322 1310 371 1385 ta,
391 1299 621 1367 determinata
645 1299 750 1382 inque
779 1296 933 1362 ordinem
960 1297 1093 1384 digesta
1113 1296 1188 1361 loca
1206 1295 1289 1362 dum
1308 1318 1466 1382 praesen·

322 1434 497 1508 tarentur,
516 1447 634 1491 eorum
654 1424 850 1509 significata
865 1444 929 1510 pro
943 1430 1061 1490 nostro
1080 1421 1196 1504 libito,
1209 1443 1395 1508 eorumque
1413 1445 1466 1490 ra·

321 1552 416 1617 tione
436 1551 587 1633 meliore,
607 1548 730 1615 adalia
750 1554 854 1634 atque
870 1547 937 1612 alia
955 1547 1200 1635 conceptacula
1215 1546 1464 1615 referebantur.

259 1679 301 1741 10
324 1675 422 1754 Quod
445 1676 474 1741 si
493 1674 680 1763 propositis
699 1675 737 1739 in
756 1672 963 1760 quibusdam
987 1673 1152 1739 materiae
1176 1673 1369 1761 amplitudo
1388 1674 1465 1741 sub·
1516 1714 1520 1719 -

322 1804 471 1890 lectique
495 1804 668 1892 capacitas
692 1801 865 1890 simplices
889 1802 1079 1868 formarum
1104 1802 1251 1869 vicarias
1271 1802 1465 1870 absorbuis-

321 1937 385 2015 set,
403 1952 465 1996 nos
484 1930 561 1996 illas
585 1929 734 1996 invicem
759 1927 976 2012 commixtas,
997 1928 1212 1995 combinatae
1242 1929 1286 1994 ad
1314 1929 1462 1995 subiecti

321 2055 552 2144 expletionem
571 2057 863 2145 repletionemquo
881 2056 919 2120 in
939 2055 1158 2121 innumerum
1178 2056 1283 2121 etiam
1303 2055 1458 2122 deduxis·

321 2205 443 2248 SemUS.

727 2462 789 2528 DE
822 2462 1060 2529 EMPIRICO.

791 2608 875 2647 XXIII.
891 2607 991 2658 sigillus.

409 2830 464 2895 Ad
483 2831 595 2897 varias
614 2830 732 2896 domos
751 2829 865 2895 varios
885 2830 1074 2896 referebam
1097 2831 1310 2915 laboranteS,
1332 2857 1389 2900 eas
1407 2834 1459 2900 in-

320 2980 423 3042 quam
443 2957 574 3039 domos,
596 2957 633 3021 in
653 2956 776 3040 quibus
795 2955 903 3040 horti,
916 2955 1051 3039 horrca,
1069 2956 1269 3044 apothecae,
1287 2960 1461 3047 hypocau-

320 3094 386 3167 sta,
405 3084 585 3168 coquinae,
602 3083 781 3170 inquibus
801 3083 904 3164 olera,
925 3082 1058 3170 frugem,
1071 3084 1304 3171 condimenta,
1327 3086 1458 3172 balnea,

254 3217 298 3280 20
322 3211 390 3277 cibi
413 3212 712 3299 praeparabantur
731 3219 834 3296 atque
853 3218 964 3296 potus.
984 3211 1052 3276 Hic
1071 3214 1176 3278 etiarn
1200 3214 1237 3279 in
1260 3216 1461 3302 angustiore

321 3359 383 3424 pro
403 3337 452 3401 rei
472 3337 645 3423 exigentia
665 3338 777 3424 spatio
798 3337 920 3422 cuique
943 3338 1134 3403 necessaria
1160 3347 1195 3404 et
1218 3339 1263 3404 ad
1293 3363 1463 3428 quemque

323 3463 535 3532 conferentia
554 3465 749 3552 promptius
775 3464 1010 3531 occurrebant.
1040 3467 1145 3533 Haud
1173 3477 1290 3534 tamen
1318 3491 1382 3557 pro
1402 3493 1465 3537 nu·

322 3592 408 3656 meri
431 3613 678 3677 mensuraeque
698 3590 861 3676 cuiusque
881 3591 1015 3657 ratione
1034 3592 1177 3660 minime
1196 3594 1461 3680 dissimulanda,

322 3719 462 3786 solertia
486 3721 639 3786 studiosa
663 3743 734 3786 non
752 3721 967 3808 providente.
987 3723 1043 3788 Ibi
1065 3747 1147 3791 vero
1172 3748 1323 3792 seorsum
1348 3728 1392 3794 ab
1412 3752 1465 3794 ae·

254 3851 298 3915 25
321 3845 422 3911 dibus
441 3847 582 3912 extabat
601 3847 745 3928 atrium,
765 3847 825 3913 ubi
844 3847 1041 3915 malesuada
1061 3850 1169 3918 fames
1193 3862 1228 3918 et
1252 3855 1365 3942 turpis
1389 3878 1464 3942 ege·

321 3981 406 4058 stas,
423 3974 536 4039 luctus
556 3980 590 4038 et
610 3973 750 4039 ultrices
768 3996 913 4060 posuere
930 3976 1058 4042 cubilia
1078 4000 1194 4060 curae,
1216 4002 1304 4065 quae
1324 3980 1463 4065 (pridem

321 4101 436 4168 omnia
456 4100 531 4166 ideo
559 4123 621 4187 per
644 4100 761 4166 hortos
785 4109 820 4165 et
838 4103 992 4187 pomeria
1020 4103 1257 4191 physicorum,
1283 4129 1462 4194 magorum

414 4367 444 4417 18
459 4371 609 4433 apotecae,
624 4374 785 4433 ypocausta
845 4370 877 4419 20
893 4372 1102 4438 properabatur
1164 4374 1196 4424 25
1217 4390 1254 4438 sq.
1278 4374 1375 4442 Veryir.
1393 4374 1460 4429 Aen.

320 4448 345 4512 6,
356 4447 488 4512 274εῃᾳ.,·
503 4448 538 4512 cf.
548 4447 787 4514 Lampaslripiula
801 4450 868 4502 19ἱαί.
877 4466 907 4514 p.
923 4453 965 4512 21,
981 4456 1016 4502 22
