3414 5122
561 426 607 470 nn
629 426 785 470 tarnenna
805 425 1064 472 conaiuanonm.
1326 411 1382 471 ‘291

243 580 411 645 minatam
443 580 661 646 essentialem
688 581 820 647 indicat
852 581 1103 663 differentiam
1134 580 1264 667 alioqui
1297 583 1390 648 onim

243 704 386 769 ultimae
416 727 530 770 rerum
560 704 776 772 differentiae
804 707 906 790 (sicut
934 715 969 772 et
997 706 1183 772 earundem
1207 707 1390 790 essentiae)

243 828 511 895 innominabiles
535 837 569 895 et
596 831 853 918 inattingibiles
882 855 954 897 esse
984 831 1158 897 dicuntur.
1182 832 1390 918 Exemplum

245 954 412 1019 secundae
448 955 575 1042 speciei
607 956 739 1041 ‘qualis
781 963 833 1022 est
868 956 1005 1023 homol'
1037 957 1165 1023 dicitur
1200 957 1392 1044 theologice

200 1092 220 1153 ἵ)
244 1078 512 1151 'beatificabilis
527 1080 764 1167 glorificabilis
781 1083 873 1148 ultra
891 1082 994 1146 finem
1011 1089 1045 1146 et
1062 1082 1220 1148 naturale
1236 1082 1392 1165 bonum’;

246 1206 356 1270 ethice
375 1204 500 1271 'malus
523 1228 585 1293 per
609 1208 774 1272 maiorem
797 1209 869 1272 eius
893 1208 936 1273 ad
960 1209 1090 1274 malum
1109 1208 1390 1293 inclinationem,

246 1338 280 1395 et
300 1331 411 1397 bonus
431 1332 512 1418 qnia
532 1331 761 1419 superiolrem
780 1342 815 1398 et
833 1333 1038 1399 nobiliorem
1058 1342 1218 1400 naturam
1239 1333 1390 1400 imitatu·
1416 1355 1441 1404 θ
1461 1341 1512 1403 7¹·

246 1479 305 1521 rus
329 1456 506 1543 regulatae
524 1456 671 1523 rationis
690 1466 725 1523 et
745 1457 998 1544 intelligentiae
1017 1458 1184 1524 innititur
1202 1458 1391 1545 appulsus,

248 1581 399 1647 civiliter
418 1581 524 1667 ‘vilis,
538 1582 719 1668 ignobilia,
734 1583 878 1665 nobilis,
892 1583 1080 1664 heroicus³;
1098 1583 1241 1670 physice
1255 1582 1375 1649 'sanus
1387 1635 1394 1667 ,

183 1714 225 1777 10
247 1706 334 1771 bene
354 1707 660 1794 contemperatus';
679 1715 714 1773 et
730 1708 781 1774 ita
797 1707 1053 1795 multipliciter,
1068 1708 1193 1794 logice,
1208 1708 1395 1773 mathema·

248 1832 333 1914 tice,
353 1832 513 1898 mantice.

389 2039 452 2103 DE
487 2038 691 2105 SEPTIMA
724 2039 918 2105 REGVLA
950 2039 1177 2119 ‘QVANDO‘
1212 2041 1255 2105 H.

727 2207 768 2247 IX.
784 2207 920 2247 Membrum.

339 2356 502 2434 Quaestio
521 2354 689 2442 ‘quando'
709 2356 785 2423 idco
805 2357 975 2444 sequitur,
997 2358 1079 2443 quia
1108 2358 1168 2423 nbi
1199 2358 1395 2442 quaesitum

185 2489 226 2553 15
249 2488 284 2547 et
316 2481 572 2547 consideratum
603 2481 695 2568 quod
726 2489 777 2547 est
806 2505 860 2547 res
891 2491 925 2547 et
956 2483 993 2548 in
1025 2505 1062 2547 re
1090 2483 1311 2549 inhaerenter
1340 2484 1396 2549 vel

251 2608 491 2690 inexistenter,
519 2630 749 2693 eorumquae
779 2606 1017 2691 circumstant,
1043 2607 1218 2674 adsistunt
1242 2614 1276 2672 et
1304 2607 1397 2673 adia·

253 2739 331 2798 cent
345 2731 436 2818 quod
453 2732 619 2816 succedit,
632 2733 754 2798 horum
766 2733 917 2819 primum
930 2739 981 2799 est
998 2740 1134 2820 tempus
1146 2756 1206 2798 seu
1216 2731 1224 2755 ‘'
1234 2731 1399 2818 quando‘.

252 2859 371 2946 ipsum
387 2880 468 2923 vero
484 2856 651 2943 ‘quando'
669 2856 1123 2944 dupliciter.consideratur:
1138 2858 1193 2924 vel
1211 2857 1399 2923 secundum

252 3007 327 3049 eam
354 3006 423 3068 qua
442 2983 646 3049 continuam
671 2982 843 3067 quoddam
874 2988 926 3048 est
955 2983 1011 3049 vel
1042 2982 1199 3049 continui
1230 2982 1399 3047 terminus

186 3108 441 3190 rurationem,
466 3115 501 3172 et
532 3107 582 3172 ita
613 3114 749 3193 tempus
779 3116 831 3172 est
852 3108 855 3195 l
876 3108 1015 3195 proprie
1046 3108 1274 3194 appellatum,
1295 3112 1398 3192 atque
1425 3111 1533 3189 ‚er4

255 3232 463 3320 quantitatis
493 3232 677 3297 continuae
707 3232 855 3318 species;
877 3233 944 3298 alio
971 3239 1074 3319 pacto
1101 3232 1278 3319 proprius,
1297 3238 1401 3319 prout

254 3382 316 3448 per
343 3359 458 3446 plures
486 3357 679 3423 durationis
699 3357 828 3444 specics
852 3364 903 3422 est
922 3357 1198 3439 determinabile,
1218 3364 1253 3422 et
1276 3355 1326 3420 ita
1350 3363 1402 3421 est

255 3507 362 3550 unum
385 3482 477 3548 inter
501 3481 692 3567 categoria-s
716 3481 1027 3567 generalissimum,
1045 3482 1143 3548 cuius
1167 3481 1296 3569 species
1321 3486 1403 3546 sunt

256 3632 402 3696 semper,
421 3606 623 3693 aliquando,
643 3629 906 3693 nonnunquam,
930 3630 1021 3673 anno
1045 3608 1178 3693 elapso,
1207 3629 1323 3671 mense
1351 3604 1404 3671 fu·

191 3744 234 3807 25
257 3742 350 3817 turo,
370 3733 449 3799 hod
459 3759 480 3798 J.
495 3733 563 3798 Hic
579 3732 714 3798 Lullius
730 3733 828 3797 iuxta
844 3733 1157 3798 communissimam
1179 3733 1272 3820 capit
1288 3731 1403 3818 ipsum

258 3859 565 3946 significationem
591 3879 708 3922 onmes
731 3857 825 3922 enim
854 3857 1074 3942 quaestiones
1104 3880 1208 3943 quam
1236 3856 1404 3922 latissime

259 3985 349 4048 sumi
365 3989 525 4070 possunt,
544 3981 635 4047 siout
654 3987 688 4046 et
709 3981 768 4047 alii
786 3981 927 4047 termini
947 3981 1143 4069 capiuntur.

352 4247 368 4296 9
384 4247 510 4298 civiliter
524 4245 587 4296 AG:
609 4242 786 4307 Oi-luiterP
851 4243 881 4293 15
896 4241 1082 4292 inhaerenter
1103 4240 1168 4290 Au:
1192 4239 1359 4290 inherenter
1380 4238 1407 4289 P

260 4329 290 4379 17
300 4329 376 4394 quod
387 4327 470 4392 (nella
483 4326 562 4378 solita
577 4322 792 4387 abbreviazt‘one)
801 4322 840 4373 P:
851 4325 927 4374 ratio
937 4319 1114 4384 &piattosto
1128 4321 1259 4385 quaestio
1308 4320 1337 4369 21
1349 4335 1407 4370 ma·

259 4410 305 4472 gis
318 4409 433 4473 proprie
450 4407 472 4456 G
535 4407 567 4456 23
581 4405 742 4470 categoriae
756 4402 794 4456 0:
811 4404 992 4468 cathegorias
1006 4402 1033 4452 P
1094 4402 1126 4452 27
1139 4402 1229 4468 (sicut
1243 4404 1273 4452 et
1287 4398 1338 4452 olii
1351 4407 1409 4452 ter·

261 4488 342 4556 mini)
357 4489 513 4555 capiuntur
526 4487 579 4540 Po
