3414 5122
314 373 372 429 144
752 382 892 428 rounam
913 382 1014 428 naum

312 541 418 624 valet,
443 539 534 626 quod
557 539 720 626 frequens
748 546 800 604 est
829 546 933 626 atque
963 538 1137 625 vulgare);
1163 544 1256 604 arcet
1275 538 1454 624 abigitque

312 666 555 752 magnanimus
568 667 611 733 ab
626 666 743 733 animo
755 665 962 753 ignobilium
979 666 1213 754 appetentiam
1223 667 1453 754 voluptatum,

314 804 407 863 arcet
425 797 593 884 pellitque
614 818 752 862 omnem
771 819 898 862 vanam
927 796 1164 881 formidinem,
1184 819 1254 863 non
1272 819 1456 884 persequu-

313 923 447 988 tionum
467 922 658 1008 mortisque
678 921 782 988 timor
801 922 935 987 illuma
955 921 1012 988 via
1028 921 1182 988 iustitiae
1201 922 1455 1008 aequitatisque

269 1061 289 1122 5
314 1049 472 1116 coercet*

401 1174 456 1239 Ad
475 1197 593 1240 omnes
621 1174 839 1240 inventionis
859 1174 988 1261 specics
1017 1196 1087 1240 non
1106 1173 1203 1239 utilis
1234 1181 1285 1239 est
1305 1173 1370 1238 iste
1390 1184 1460 1239 mo-

314 1300 388 1381 dus,
412 1298 470 1364 sed
497 1298 617 1364 adeas
648 1304 799 1381 tantum,
837 1321 924 1384 quae
954 1299 1210 1386 persuasionem
1244 1297 1389 1363 faciunt.
1409 1298 1458 1364 Ut

315 1431 430 1490 autem
447 1423 491 1489 ad
506 1424 746 1489 inventionem
761 1423 1004 1490 universaliter
1020 1424 1149 1489 dictam
1166 1422 1320 1489 conferre
1333 1423 1457 1506 valeat,

312 1550 377 1615 hoc
395 1555 495 1635 pacto
512 1548 782 1636 providendum,
802 1558 841 1613 ut
860 1549 1001 1613 termini
1026 1549 1085 1614 isti
1104 1570 1175 1613 non
1196 1556 1377 1614 sumantur
1395 1570 1458 1634 pro

250 1684 292 1746 10
315 1674 449 1757 formis,
474 1672 534 1739 sed
552 1695 615 1761 pro
634 1672 824 1738 formarum
854 1673 1019 1738 subiectis
1045 1673 1288 1757 adsumantur,
1315 1695 1394 1739 cum
1419 1672 1457 1737 in

314 1820 409 1864 osore
433 1797 566 1882 aliquid
585 1797 677 1884 quod
696 1797 870 1884 significet
893 1798 1089 1880 essentiam,
1121 1798 1158 1863 iu
1186 1797 1333 1884 profano
1366 1797 1456 1883 quod

312 1923 523 2010 potentiam,
547 1923 585 1988 in
609 1922 753 2009 vulgato
770 1922 862 2007 quod
882 1922 1132 2009 operationem,
1152 1923 1189 1988 in
1208 1930 1346 1997 arcente
1366 1922 1458 2007 quod

314 2048 593 2114 circumstantias
624 2048 770 2131 referat;
794 2055 835 2112 ut
858 2048 1005 2114 subinde
1028 2071 1092 2136 pro
1116 2049 1337 2114 inventionis
1360 2070 1462 2135 opere

312 2174 463 2259 primum
481 2172 710 2259 inquiramus
733 2171 816 2257 quid
833 2172 980 2255 dietum,
999 2173 1184 2238 dicendum
1211 2182 1246 2240 et
1265 2173 1333 2239 dici
1351 2173 1462 2261 possit

249 2305 292 2367 15
316 2299 405 2364 cirea
420 2299 470 2364 rei
486 2299 684 2386 propositae
704 2298 889 2363 essentiam
907 2305 941 2363 et
957 2307 966 2382 fl
983 2321 1072 2384 esso,
1088 2298 1238 2365 secundo
1259 2298 1357 2384 quid!
1368 2288 1458 2363 circa
1480 2262 1590 2416 536?

314 2424 467 2489 eiusdem
484 2423 638 2507 habitus,
660 2422 917 2509 dispositiones,
948 2421 1149 2508 facultatea,
1167 2425 1305 2511 passiva
1329 2423 1457 2489 activa·

313 2570 379 2633 que
406 2547 594 2635 principia,
627 2547 731 2613 tertio
761 2547 844 2633 quid
876 2547 966 2614 eirea
994 2548 1136 2615 effeetus
1160 2556 1195 2615 et
1225 2548 1457 2636 operationeS,

313 2672 439 2758 quibus
455 2672 531 2760 ipsa
548 2678 599 2738 est
616 2678 650 2736 et
668 2694 755 2757 quae
772 2672 816 2738 ab
833 2672 908 2760 ipsa
924 2673 1117 2760 profluunt,
1137 2683 1259 2760 quarto
1276 2674 1457 2759 quomodo,

315 2800 440 2885 quibus
460 2798 744 2867 concurrentibus
763 2805 798 2864 et
817 2800 1124 2884 conoausantibus;
1141 2801 1240 2866 etita
1256 2801 1298 2866 de
1314 2801 1457 2866 caeteris

248 2926 292 2988 ‘20
314 2925 536 3013 perreliqua.

402 3049 552 3115 Proinde
570 3048 661 3113 siout
693 3048 803 3114 oratio
828 3049 1011 3116 resolvitur
1030 3051 1066 3115 in
1095 3050 1266 3116 dictiones
1289 3059 1458 3136 tanquam

313 3177 350 3240 in
373 3181 488 3263 partes
511 3175 701 3262 proximas,
728 3197 790 3239 noc
816 3199 886 3241 non
911 3175 1063 3263 syllabas
1091 3185 1126 3242 et
1154 3178 1336 3259 elementa,
1363 3179 1459 3244 velut

314 3302 351 3366 in
370 3303 569 3367 remotiores
587 3301 787 3388 primasque
809 3307 938 3388 partes,
962 3302 1011 3367 ita
1032 3309 1066 3368 et
1095 3302 1338 3368 inventionum
1357 3304 1458 3390 signa

314 3428 488 3515 generalia
510 3427 548 3492 in
566 3427 794 3514 particularia
813 3434 847 3492 et
871 3428 1052 3494 individua
1071 3429 1299 3494 resolvuntur.
1317 3430 1457 3495 Habent

248 3560 291 3622 25
314 3553 442 3619 etenim
462 3550 629 3617 elementa
654 3575 742 3637 quae
760 3551 924 3638 figurent,
950 3560 984 3618 et
1008 3553 1137 3619 habent
1161 3553 1287 3639 quibus
1310 3555 1458 3640 figuren-

317 3684 395 3762 tur;
416 3679 448 3742 A
468 3677 561 3743 enim
579 3676 696 3764 plures
728 3676 856 3763 figurat
883 3677 1088 3745 Aristoteles
1117 3686 1152 3744 et
1171 3679 1403 3763 Aristarchos,
1423 3687 1457 3745 et

315 3807 432 3892 plures
461 3805 656 3871 Aristarchi
679 3806 955 3892 Aristotelesque
978 3807 1094 3894 plures
1116 3831 1178 3894 per
1197 3809 1229 3872 A
1252 3809 1456 3894 figurantur.

314 3931 437 4016 ltaque
469 3938 504 3995 et
527 3952 590 4017 per
619 3930 879 3998 individuorum
910 3932 953 3998 ab
978 3932 1156 3998 elementis
1184 3933 1457 4019 significatorum

315 4055 484 4140 ordinem,
521 4062 555 4120 et
588 4078 650 4141 per
696 4078 814 4122 eorum
856 4058 1103 4123 elementorum
1144 4057 1460 4124 combinatiouibus

249 4190 293 4252 30
316 4187 617 4268 praesentatorum
648 4201 833 4265 eorumque
860 4204 948 4267 quae
976 4182 1122 4268 integris
1152 4182 1361 4248 denotantur
1392 4183 1461 4248 dic-

1425 4356 1451 4363 .-

410 4447 449 4498 10.
460 4448 489 4496 11
507 4445 708 4508 adsumantur,
725 4449 757 4494 ut
770 4445 799 4496 in
812 4445 931 4496 osoreG
994 4447 1026 4498 22
1043 4447 1159 4499 sillabas
1173 4447 1210 4496 P:
1226 4448 1281 4505 (in)
1297 4445 1459 4512 syllabast}
