3414 5122
238 395 240 399 “
324 389 382 447 138
763 398 904 444 roseam
925 398 1027 442 carru

324 556 424 622 fabre
443 561 478 621 et
501 554 638 636 melius,
658 554 714 619 vel
733 550 965 634 traductione,
987 556 992 639 Ι
1012 552 1068 618 vel
1087 550 1391 632 transmutatione,
1413 550 1468 615 vel
1492 543 1600 607 533

325 680 610 768 transpositione,
630 678 685 746 vel
711 678 948 760 conversione,
969 679 1024 743 vel
1052 677 1261 765 antiphrasi,
1286 676 1468 758 allusione,

323 806 498 889 illusione,
526 805 746 871 delusioneve
770 804 919 889 quadam
944 803 1121 891 proposito
1145 802 1467 884 adcommodantur;

324 939 364 1000 ut
383 932 443 999 ubi
467 931 623 997 infernus
651 930 838 1017 impiorum
866 929 1074 995 describitur
1092 930 1222 1013 anima,
1242 928 1354 995 ‘cuius
1373 929 1468 1015 ignei

281 1072 301 1135 5
325 1056 508 1145 flagrantis
527 1056 758 1122 conscientiae
781 1055 944 1143 parietes,
964 1054 1178 1121 maleolentia
1203 1053 1381 1142 opprobrii
1399 1055 1467 1120 sul·

324 1185 464 1273 phanee,
486 1183 735 1250 horrendarum
755 1183 1037 1248 terriculamenta
1056 1181 1260 1268 specierum,
1281 1181 1469 1268 suspectio·

324 1333 385 1376 nes
406 1311 410 1397 l
431 1316 708 1375 temerecaeoum
722 1307 876 1373 animum
888 1306 1123 1372 concutientes
1143 1306 1358 1393 depictorum
1372 1315 1467 1393 tape·
1490 1314 1520 1374 b
1539 1312 1593 1375 2⁹

268 1509 270 1513 y
326 1436 453 1502 tiorum
465 1435 550 1516 loce,
568 1433 655 1521 ipsis
667 1433 887 1520 propriorum
899 1430 1092 1498 facinorum
1108 1431 1241 1499 technis
1253 1431 1468 1498 aedificatam

326 1559 497 1626 nefastam
516 1559 656 1624 domum
681 1557 854 1641 incolunt,
874 1556 971 1622 illam
1002 1555 1097 1622 nulla
1121 1556 1286 1643 temporis
1306 1556 1468 1622 0010000-

262 1703 304 1765 10
327 1683 461 1769 quabit,
481 1706 553 1749 11011
570 1682 634 1749 ulli
653 1682 838 1748 vetustatis
870 1682 994 1748 arietes
1018 1680 1266 1766 deturbabunt,
1287 1682 1359 1748 eius
1378 1681 1468 1746 limi-

325 1811 420 1877 tibus
432 1833 504 1876 non
520 1810 596 1894 alii,
617 1809 676 1876 sed
692 1809 760 1897 ipsi
777 1807 1016 1874 tantummodo
1032 1808 1324 1875 coarctabuntur?
1340 1808 1374 1874 A
1392 1808 1469 1895 pari

326 1935 405 2002 aliis
425 1934 728 2018 similitudinibus,
756 1932 1052 2020 proportionibus,
1078 1932 1396 2021 comparationibus
1416 1955 1469 1998 or·

326 2068 504 2146 ramenta,
534 2062 688 2146 habitus,
716 2060 934 2143 indumenta,
965 2060 1243 2126 circumstantias
1267 2067 1470 2146 caeteraque

328 2191 457 2276 omnia,
479 2213 566 2275 quae
597 2190 641 2257 ad
661 2190 879 2256 commodum
908 2198 942 2255 et
962 2190 1218 2256 incommodum
1241 2190 1391 2272 faciunt,
1412 2212 1469 2255 ne-

262 2333 303 2396 15
326 2315 442 2402 gando
471 2313 742 2401 affirmandoque
768 2316 899 2403 poteris
927 2337 990 2403 pro
1019 2315 1192 2402 dignitate
1220 2315 1271 2380 rei
1294 2314 1469 2381 subiectae

330 2445 564 2528 congruenter
581 2440 756 2527 adaptare.

551 2719 663 2769 Daedali,
677 2719 715 2768 qui
730 2719 924 2770 decimusquartus
939 2724 972 2760 est
985 2719 1086 2770 sigillus,
1102 2718 1234 2770 explicatio.

421 2916 718 2993 Quemadmodum
737 2917 848 2983 omnis
871 2917 1010 3001 artifex,
1031 2918 1091 3003 qui
1109 2919 1276 3006 plurimos
1300 2919 1468 2986 diversos-

328 3063 395 3126 que
414 3041 569 3107 intendit
588 3042 746 3126 effectus,
766 3041 821 3107 vel
844 3042 1002 3129 pluribus
1026 3043 1267 3109 instrumentis
1288 3045 1344 3109 vel
1367 3045 1469 3110 unico

260 3175 304 3239 20
327 3165 898 3252 diversimodemultiformiterque
913 3167 1089 3254 exagitato
1106 3190 1236 3255 organo
1253 3170 1469 3256 adproprias

325 3292 556 3378 proficiscitur
586 3292 797 3376 functiones,
827 3291 920 3357 haud
943 3291 1045 3359 aliter
1072 3293 1130 3359 hic
1152 3293 1341 3377 Daedalus,
1374 3296 1470 3361 euius

326 3418 521 3484 subiectum
539 3419 723 3505 multiplex
751 3426 785 3483 et
814 3418 1046 3505 multigenum
1069 3443 1141 3486 esse
1164 3428 1295 3507 potest,
1316 3422 1385 3488 imo
1411 3424 1471 3509 qui

327 3569 388 3612 suo
410 3545 530 3611 ordine
549 3546 639 3611 circa
660 3546 777 3612 omnia
797 3547 934 3632 operari
953 3570 987 3612 se
1006 3547 1120 3613 valere
1145 3549 1303 3634 confidit,
1326 3551 1472 3617 diversis

327 3695 391 3760 pro
414 3694 529 3737 rerum
554 3671 724 3737 varietate
752 3671 890 3757 mediiS,
921 3671 965 3737 ad
993 3679 1213 3758 praetensum
1242 3696 1328 3760 opus
1359 3698 1472 3761 perse·

261 3805 304 3868 25
329 3796 504 3882 quendum
535 3795 745 3882 accingitur,
766 3796 847 3861 dum
877 3796 960 3862 alibi
979 3820 1041 3883 per
1071 3798 1267 3864 sensibilem
1288 3799 1470 3886 Campum,

328 3921 413 3987 alibi
429 3944 491 4008 per
510 3921 693 4004 Cateuam,
707 3920 791 3986 alibi
807 3944 868 4007 per
888 3920 1069 4007 Arborem,
1088 3923 1171 3988 alibi
1188 3947 1250 4010 per
1269 3924 1471 3991 Numerato-

421 4219 525 4277 3<vel>
542 4215 692 4268 delusione
710 4216 735 4267 G
798 4214 880 4265 dubi
900 4215 996 4265 anima
1018 4214 1170 4280 impiorum
1193 4214 1365 4266 describitur
1388 4216 1470 4266 inier-

328 4316 383 4352 uus
400 4299 424 4350 G
487 4301 502 4348 7
519 4313 616 4349 cecum
630 4297 656 4347 P
720 4297 749 4348 li
767 4297 792 4346 A
807 4296 868 4360 pari
882 4295 920 4345 P:
936 4294 1050 4347 Pariter
1068 4294 1092 4345 G
1156 4295 1186 4344 ri
1200 4311 1212 4344 c
1226 4297 1255 4344 21
1273 4297 1373 4345 Dedaii
1390 4313 1403 4346 a
1420 4299 1472 4347 Dc·

329 4382 411 4431 delus
433 4379 459 4429 P
532 4379 562 4428 17
580 4374 841 4443 decimusquartus]
863 4376 901 4425 14.
924 4376 963 4438 Ρ,
988 4374 1219 4441 euncioparucnie
1240 4372 1270 4423 in
1291 4376 1352 4426 tuiti
1372 4375 1383 4426 i
1403 4375 1473 4427 iiioli

329 4459 450 4526 sequenti
511 4461 542 4510 22
559 4459 643 4510 immo
658 4460 683 4510 G
745 4458 777 4506 26
793 4457 942 4506 cathenam
954 4454 980 4503 P
