3414 5122
325 379 385 436 200
764 392 905 438 rounam
925 393 1028 439 savxr

324 548 398 614 vita
425 548 662 614 intellectuale
692 556 757 632 est,
782 548 828 614 sit
846 551 884 614 in
908 548 1045 615 coelesti
1075 570 1217 636 corpore
1246 548 1469 631 luminosum,

324 673 433 740 veluti
453 674 544 760 quod
563 674 600 739 in
631 682 747 740 mente
774 680 826 739 cst
845 674 1008 760 intentio,
1033 675 1070 741 in
1095 697 1179 740 voce
1198 682 1250 740 est
1280 673 1391 739 oratio
1414 673 1470 739 vel

323 799 492 883 verbum),
518 820 700 865 accensum
723 799 836 865 aDeo
864 799 902 864 in
928 801 1013 884 sole,
1037 801 1077 866 in
1105 821 1173 886 quo
1205 805 1359 865 caeterae
1388 805 1471 865 sunt

324 924 521 1010 qualitates,
553 946 702 1010 quarum
735 925 942 1012 praecipuae
975 931 1058 992 sunt
1092 925 1184 991 calor
1217 924 1336 990 vitalis
1366 931 1470 1010 atque

281 1053 301 1115 5
326 1048 488 1132 blandus,
509 1051 600 1116 actio
625 1049 795 1136 quaedam
818 1049 947 1116 motrix
976 1056 1081 1136 atque
1106 1051 1290 1117 formatrix
1316 1049 1471 1115 omnium

323 1173 526 1261 specierum.
545 1175 611 1240 Est
627 1175 747 1242 lumen
766 1174 938 1258 intimius,
959 1197 1027 1261 quo
1046 1177 1096 1241 sol
1115 1175 1348 1263 perselucet,
1366 1196 1470 1259 aquo

324 1321 449 1386 genere
477 1299 640 1367 differens
670 1300 818 1367 habetur
847 1301 978 1386 lumen,
1010 1301 1101 1387 quod
1131 1301 1212 1366 inde
1235 1301 1332 1367 velut
1355 1300 1469 1384 imago

323 1423 405 1490 solis
422 1446 486 1511 per
504 1425 621 1491 omnia
638 1432 765 1491 manat.
786 1424 841 1490 Ab
865 1426 932 1492 isto
952 1424 1062 1513 igitur
1080 1425 1225 1508 lumine,
1257 1424 1350 1510 quod
1378 1423 1470 1511 apud

324 1571 387 1615 nos
407 1555 459 1616 est
478 1572 673 1634 accensum,
693 1551 737 1616 ad
755 1551 873 1618 lumen
891 1550 1038 1618 effusum
1062 1549 1154 1638 quod
1184 1550 1357 1631 accendit,
1389 1548 1469 1613 inde

260 1680 302 1743 10
324 1673 368 1739 ad
386 1675 474 1742 illud
491 1674 582 1742 unde
601 1675 826 1763 corporaliter
849 1675 1053 1761 effunditur,
1069 1674 1215 1764 proinde
1239 1674 1283 1741 ad
1306 1675 1470 1740 intimum

268 1896 271 1902 Ι
324 1799 416 1885 quod
438 1807 491 1866 est
514 1799 691 1866 effusionis
714 1800 941 1889 principium,
960 1801 1101 1867 tandem
1126 1801 1170 1867 ab
1200 1800 1265 1866 hoc
1293 1799 1385 1886 quod
1417 1806 1468 1864 est

323 1924 362 1991 in
392 1947 533 2013 corpore
566 1925 707 1992 dividuo
736 1927 848 1994 veluti
881 1926 1062 1992 dividuum
1096 1926 1140 1992 ad
1173 1925 1468 2012 simplicissimum

324 2058 428 2136 atque
447 2050 680 2135 individuum,
701 2050 791 2117 sicut
810 2075 830 2118 a
848 2075 931 2119 voce
951 2052 1080 2140 scripta
1104 2052 1243 2137 suisque
1268 2048 1472 2115 characteri-

325 2175 390 2242 bus
406 2176 572 2243 materiae
587 2176 754 2264 impressa
771 2178 814 2244 ad
830 2177 997 2261 auditam,
1011 2184 1097 2265 puta
1112 2200 1175 2265 per
1189 2185 1303 2243 aerem
1316 2175 1470 2257 effusam,

261 2310 304 2373 15
326 2301 407 2366 inde
426 2301 470 2367 ad
487 2301 678 2389 prolatam,
699 2303 845 2389 proinde
867 2302 912 2369 ad
933 2303 1139 2390 prolationis
1159 2301 1323 2388 organica
1346 2299 1473 2387 princi·

323 2425 396 2512 pia,
415 2426 460 2492 ad
476 2427 668 2514 simplicem
686 2427 829 2495 tandem
847 2428 921 2494 vim
944 2435 1049 2515 atque
1076 2426 1294 2493 individuam
1324 2424 1471 2491 faculta-

324 2556 410 2637 tem,
431 2553 528 2618 cuius
552 2552 697 2640 imperio
716 2554 1004 2637 submilnistrant
1029 2576 1176 2641 organa,
1197 2551 1470 2640 progrediamur.
1495 2549 1588 2613 1’6v

323 2677 459 2743 Lumen
478 2677 567 2743 illud
587 2677 740 2764 primum
760 2685 794 2745 et
811 2679 960 2764 initiale,
981 2680 1011 2744 si
1038 2702 1110 2746 non
1128 2677 1323 2762 duratione,
1344 2683 1469 2742 natura

323 2809 440 2868 tamen
456 2825 528 2869 esse
546 2808 628 2869 anto
647 2802 753 2870 solem
772 2805 943 2871 intellexit
960 2804 1117 2892 Orpheus
1132 2812 1167 2869 et
1185 2802 1369 2890 Aegyptii,
1390 2822 1470 2886 quo·

258 2934 303 2997 20
326 2950 403 2993 rum
421 2928 586 3015 mysteria
615 2929 727 2996 Moses
758 2929 827 2995 suis
857 2929 1031 3017 parabolis
1060 2929 1207 2995 fortasse
1236 2927 1467 3015 prosequitur.

324 3054 510 3141 Propterea
529 3054 666 3140 antiqui
685 3053 864 3139 Chaldaei,
887 3054 1057 3142 Aegyptii
1076 3077 1206 3138 omnes,
1227 3052 1467 3139 Pythagorici,

324 3178 497 3245 Platonici
517 3180 712 3266 caeterique
731 3187 876 3246 naturae
900 3180 1187 3266 contemplatores
1212 3177 1352 3265 optimi,
1377 3175 1470 3242 huuc

325 3304 431 3369 solem
445 3311 561 3391 (quem
575 3306 676 3372 Plato
692 3305 867 3371 visibilem
882 3305 993 3371 filium
1010 3312 1044 3369 et
1060 3303 1186 3370 summi
1198 3303 1264 3368 Dei
1281 3302 1469 3388 imaginem

325 3429 530 3518 appellavit,
546 3432 602 3497 cui
618 3430 745 3497 orienti
761 3431 979 3519 Pythagoras
995 3431 1142 3517 hymnos
1160 3431 1237 3515 lyra
1255 3428 1468 3511 concinebat,

258 3559 302 3621 21)
327 3577 429 3641 quem
447 3557 657 3623 exorientem
677 3556 836 3624 Socrates
855 3558 1010 3623 salutans
1029 3557 1066 3621 in
1090 3555 1236 3621 extasim
1256 3554 1469 3642 rapiebatur)

325 3683 418 3749 inter
441 3682 526 3748 alias
555 3683 672 3749 stellas
699 3684 813 3750 visum
843 3683 1068 3769 auditumque
1095 3681 1275 3765 habentes,
1304 3677 1469 3745 memoria

328 3833 398 3877 11011
418 3818 574 3876 carentes
593 3817 628 3876 et
651 3833 767 3897 preces
786 3810 1026 3893 exaudientes,
1057 3808 1234 3875 ardentius
1263 3806 1471 3888 adorabant3

327 3958 474 4022 quorum
493 3958 564 4002 non
583 3928 698 4021 011001
724 3935 918 4002 damnanda
935 3942 986 4003 est
1005 3935 1212 4018 idololatria,
1232 3932 1403 4020 siquidem
1426 3930 1471 3997 ad
1496 3932 1604 3996 587

325 4061 483 4128 viventes
501 4061 671 4149 imagines
690 4067 725 4128 et
743 4061 875 4149 optima
893 4061 1090 4128 divinitatis
1121 4061 1270 4149 vestigia
1289 4079 1469 4146 corporeos

420 4379 451 4429 17
476 4378 587 4429 submi·
610 4378 862 4443 nistrantlnistrat
882 4377 908 4429 P
986 4377 1018 4427 20
1033 4393 1046 4429 c
1062 4377 1092 4426 21
1118 4375 1247 4427 misteria
1267 4392 1280 4426 e
1302 4375 1418 4427 Caldaei
1444 4374 1469 4423 P

325 4460 357 4511 25
373 4459 486 4513 extasin
501 4457 524 4509 G
