3414 5122
314 391 374 451 212
752 406 892 453 mamm
913 407 1014 453 imvm

314 561 412 648 quasi
433 584 495 648 per
518 560 688 628 ocularem
712 562 859 649 speeiem
884 562 998 628 subito
1023 563 1178 648 citraque
1197 584 1334 629 omnem
1353 587 1454 651 argu·

315 688 545 754 mentativum
564 688 744 754 decursum
763 688 1009 775 cognoscimus.
1025 688 1081 754 Ad
1097 712 1137 756 ea
1155 689 1265 776 igitur
1283 689 1373 755 atria
1391 711 1454 776 per

315 815 553 902 intelligibiles
576 815 704 902 species
734 838 988 902 promovemur,
1020 816 1057 881 in
1089 816 1215 903 quibus
1244 818 1322 905 plus
1352 817 1455 884 unico

314 947 449 1008 attactu
483 939 820 1028 comprehendimus,
851 964 954 1027 quam
984 942 1175 1009 innumeris
1206 944 1342 1010 actibus
1370 943 1456 1010 alibi

271 1071 291 1134 5
314 1067 574 1153 attingeremus
593 1067 686 1133 Hinc
704 1066 900 1134 illustratur
917 1066 1004 1134 illud
1021 1068 1113 1154 quod
1132 1068 1276 1135 dicitur:
1297 1068 1457 1134 ‘Melior

315 1198 376 1258 est
399 1191 485 1258 dies
508 1213 586 1259 una
610 1192 652 1258 in
676 1192 798 1259 atriis
817 1192 917 1276 tuis,
938 1216 1058 1280 super
1081 1215 1280 1260 annorum
1304 1192 1457 1260 millia?

403 1317 501 1384 Meus
520 1318 623 1405 longe
639 1317 824 1385 admodum
840 1341 942 1407 super
958 1319 1196 1406 intelligibilia
1212 1319 1402 1407 praesidet,
1419 1320 1457 1384 in

316 1464 384 1528 qua
403 1442 494 1509 idem
514 1450 567 1509 est
585 1443 715 1530 species
734 1445 826 1530 quod
845 1453 959 1530 actus,
980 1453 1076 1512 actus
1096 1444 1188 1531 quod
1206 1444 1379 1533 potentia,
1399 1467 1459 1532 po·

314 1569 424 1635 tentia
445 1568 535 1656 quod
553 1569 722 1654 essentia,
744 1592 831 1654 quae
851 1593 928 1637 cum
947 1577 1061 1637 totum
1084 1571 1241 1638 totaliter
1260 1578 1335 1638 tota
1355 1569 1458 1637 simul

250 1706 293 1770 10
314 1701 349 1760 et
370 1694 525 1784 perfecta
547 1696 761 1782 possessione
785 1695 1068 1784 comprehendat,
1093 1696 1256 1783 nullaque
1287 1695 1459 1763 m'cissitu-

314 1819 435 1887 diuum
453 1821 718 1889 obumbratione
737 1822 908 1910 capiatur,
929 1845 969 1888 ea
992 1823 1068 1910 ipsa
1091 1829 1156 1907 est,
1178 1822 1220 1888 de
1244 1845 1312 1910 qua
1330 1821 1459 1888 intelli-

313 1946 479 2033 gendum,
498 1947 590 2036 quod
609 1947 737 2015 dicitur
756 1947 959 2015 Cabalistis:
979 1947 1107 2013 'mille
1131 1949 1228 2015 anni
1252 1955 1346 2015 ante
1371 1970 1459 2014 ocu·

313 2070 374 2138 los
398 2083 500 2160 tuos,
525 2084 729 2162 tamquam
752 2074 838 2141 dies
860 2075 1065 2160 hesterna,
1089 2097 1190 2161 quae
1213 2071 1457 2162 praeteriit.³

700 2322 803 2365 Secundo
818 2325 846 2365 de
861 2329 957 2374 quatuor
972 2303 1079 2366 testibus·

250 2500 291 2564 15
404 2498 456 2562 22.
478 2495 633 2575 Quatuor
651 2503 772 2563 extant
791 2503 915 2563 testes:
937 2494 1176 2579 abstractio,
1202 2492 1456 2577 contracti0,

314 2645 519 2706 numerus,
543 2645 745 2708 mensure,
770 2622 844 2688 sine
864 2621 990 2708 quibus
1010 2620 1099 2686 nihil
1118 2626 1170 2686 est
1193 2619 1285 2706 quod
1305 2619 1455 2706 probare

313 2748 426 2815 liceat.

404 2874 643 2941 Abstraotio
667 2874 705 2939 in
723 2873 766 2939 iis
784 2872 936 2960 primum
954 2893 1025 2938 non
1042 2871 1216 2948 modicum
1235 2868 1377 2936 confert.
1394 2868 1450 2934 Ad
1475 2883 1505 2950 q
1526 2870 1581 2934 δ’

314 3022 428 3066 rerum
448 2999 577 3065 etenim
594 2999 777 3065 veritatem
796 2996 896 3083 utile,
917 2998 986 3062 imo
1010 2995 1239 3063 necessarium
1258 3002 1325 3080 est,
1345 3017 1454 3061 unum

248 3134 293 3196 20
316 3127 389 3193 sine
408 3125 476 3191 alio
500 3131 553 3210 (ut
576 3124 755 3212 sphaeram
779 3123 853 3189 sine
877 3122 1033 3205 materia)
1058 3121 1287 3204 considerare,
1311 3120 1394 3186 licet
1417 3121 1456 3187 in

316 3250 474 3339 pluribus
493 3249 635 3333 malum,
651 3249 777 3316 falsum
791 3256 827 3314 et
841 3247 1055 3336 impossibile
1074 3255 1140 3331 est,
1159 3269 1268 3312 unum
1288 3269 1360 3312 esse
1379 3245 1457 3310 sine

317 3377 385 3444 alio
413 3375 549 3441 credere
576 3374 632 3441 vel
655 3375 848 3441 enunciare.
874 3373 957 3439 Sine
980 3373 1057 3460 ipsa
1079 3372 1212 3439 nullam
1235 3373 1337 3438 nobis
1363 3372 1461 3458 inge-

317 3501 432 3567 nerari
449 3523 549 3589 posse
572 3500 751 3582 notitiam,
775 3497 1045 3587 speculationem
1068 3505 1172 3584 atque
1195 3497 1346 3584 praxim,
1372 3498 1457 3563 satis

318 3636 369 3693 est
398 3628 635 3715 perspicuum
665 3626 822 3691 sensibus
852 3625 945 3690 enim
969 3647 1038 3690 non
1062 3622 1275 3690 obiiciuntur
1298 3646 1338 3688 ea
1370 3646 1456 3709 quae

250 3755 294 3819 25
317 3775 396 3819 vere
416 3758 511 3836 sunt,
533 3749 767 3837 quamtumvis
786 3772 904 3815 eorum
922 3748 1033 3815 veluti
1051 3749 1227 3835 speculum
1243 3754 1278 3813 et
1298 3748 1458 3833 aenigma

312 3878 414 3964 haec,
435 3900 522 3963 quae
546 3877 759 3961 sentiuntur,
784 3876 945 3942 dicantur
968 3898 1040 3940 esse
1064 3876 1173 3962 signa.
1198 3875 1293 3940 Haec
1316 3881 1459 3961 propter

319 4003 547 4069 universalem
571 4025 686 4069 rerum
709 4001 882 4086 ordinem,
907 4000 1169 4083 connexionem,
1194 3998 1460 4086 corresponden-

320 4128 405 4194 tiam
429 4135 463 4193 et
487 4127 768 4213 similitudinem,
793 4151 881 4214 quae
905 4134 956 4193 est
979 4150 1021 4193 ex
1043 4126 1268 4212 generatione
1296 4148 1316 4190 a
1345 4123 1457 4211 primo

409 4382 461 4450 b.6
480 4399 584 4452 Psatm.
606 4401 695 4461 83,1t
757 4401 874 4452 (imilla
890 4399 916 4450 P
979 4401 1060 4453 1213
1080 4399 1184 4452 Psalm.
1204 4401 1280 4460 89,4
1346 4400 1377 4451 13
1399 4407 1463 4450 tan·

319 4480 445 4547 quamG
507 4483 540 4533 25
557 4482 711 4546 enigmaP
