3414 5122
822 422 962 467 IORDANI
984 420 1085 465 Bavrn

677 767 849 870 roan.
895 768 1044 869 anu.
1090 766 1235 923 uon
1461 714 1464 720 ’
1548 755 1658 908 3²43

401 1003 480 1076 DE
535 996 1013 1076 ARCHITEOTVRA
1067 995 1248 1071 ARTIS
1303 992 1509 1069 LVLLH

738 1200 901 1266 SEOTIO
945 1198 1171 1266 SECVNDA.

827 1797 979 1844 Propositum.
994 1794 1049 1844 Gap.
1068 1798 1085 1834 1.

340 1951 361 2015 5
475 1947 549 2012 Iam
568 1969 638 2012 uon
662 1945 705 2011 ad
729 1945 871 2030 librum,
896 1945 955 2010 scd
978 1945 1022 2009 ad
1046 1951 1155 2010 artem
1179 1950 1211 2025 (a
1234 1944 1335 2010 nobis
1355 1944 1528 2012 elucidan-

386 2074 516 2139 damet
535 2072 785 2160 complendam)
802 2071 1039 2159 respicientes,
1058 2070 1143 2135 artis
1158 2069 1381 2156 alphabetum
1400 2078 1435 2135 et
1455 2071 1528 2136 eius

386 2198 585 2264 memoriam
604 2197 842 2285 proponimus,
864 2196 947 2261 item
966 2196 1114 2283 primam
1135 2194 1281 2281 figuram
1300 2201 1335 2260 et
1354 2195 1427 2261 eius
1446 2195 1530 2260 ima-

387 2325 517 2410 ginem,
537 2325 721 2391 secundam
738 2323 885 2412 figuram
905 2330 939 2388 et
959 2322 1111 2388 eiusdem
1129 2321 1266 2388 facilem
1284 2329 1318 2387 et
1331 2329 1528 2410 promptam

387 2449 660 2535 conceptionem,
695 2448 835 2514 tertiam
859 2448 1006 2534 figuram
1036 2453 1071 2511 et
1099 2447 1171 2510 eius
1199 2446 1330 2512 ordinis
1360 2448 1531 2513 rationem

322 2584 365 2647 10
388 2595 455 2657 qua
483 2581 634 2639 mentem
662 2595 732 2639 non
766 2573 881 2659 fugiat
918 2571 1162 2655 discurrentis,
1194 2570 1341 2658 figuram
1371 2578 1531 2657 quartam

388 2707 482 2765 certa
501 2723 603 2784 quam
628 2698 854 2786 dispositione
877 2698 1077 2781 formamus,
1099 2705 1134 2763 et
1157 2697 1313 2764 tabulam
1332 2697 1381 2762 ita
1406 2721 1441 2763 se
1460 2720 1532 2764 om-

388 2825 491 2891 nibus
511 2824 712 2891 offerentem
731 2823 801 2890 suis
820 2824 973 2890 numeris
992 2830 1095 2909 atque
1112 2822 1305 2907 ordinibuS,
1322 2830 1362 2888 ut
1381 2823 1448 2889 alia
1464 2847 1533 2890 me·

388 2949 517 3015 moriae
535 2950 776 3038 praeceptione
792 2972 863 3016 non
875 2948 1044 3035 indigeat,
1062 2956 1096 3014 et
1109 2949 1261 3014 naturali
1278 2971 1313 3013 se
1325 2970 1532 3034 consequen·
1557 2947 1611 3010 7*

389 3079 440 3139 tes
460 3073 581 3140 ordine
601 3075 828 3162 quaestiones.

325 3262 367 3324 15
824 3278 858 3317 Dc
871 3278 1000 3327 alphabeto.
1016 3278 1072 3328 cap.
1087 3280 1106 3318 2.

480 3408 774 3485 Quemadmodum
801 3408 972 3497 scriptura
1004 3417 1107 3496 atque
1137 3410 1239 3477 lectio
1281 3412 1352 3477 suis
1394 3418 1530 3478 constat

391 3535 583 3619 elementis,
603 3535 653 3601 ita
672 3535 839 3602 iudicium
867 3541 901 3600 et
925 3535 1098 3618 inventio,
1124 3558 1211 3621 quae
1235 3560 1295 3623 per
1318 3537 1408 3603 hauc
1431 3537 1534 3604 alias·

393 3681 459 3744 que
491 3659 658 3746 plurimes
690 3667 780 3726 artes
813 3666 1040 3727 attentantur.
1074 3660 1172 3725 Artis
1202 3661 1309 3746 igitur
1342 3662 1442 3728 istius
1472 3662 1536 3728 ele

322 3818 324 3822 Α
392 3791 510 3850 menta
528 3807 599 3850 non
618 3785 813 3852 inconsulto
837 3809 899 3873 per
914 3786 1192 3872 grammaticalia
1211 3786 1453 3874 significantur
1473 3790 1538 3854 ele·

327 3907 371 3971 20
394 3917 524 3995 menta,
546 3932 634 3995 quae
653 3933 778 3976 novem
797 3918 878 3977 sunt
895 3934 1036 3978 numero
1056 3912 1099 3996 B,
1121 3912 1161 3996 O,
1182 3913 1227 3996 D,
1244 3913 1285 3996 E,
1303 3914 1346 3999 F,
1369 3913 1415 3998 G,
1435 3915 1481 3997 H,
1504 3915 1536 3997 l,

394 4035 438 4100 Κ.
458 4035 575 4122 Ipsum
600 4036 630 4100 B
654 4036 863 4122 relinquitur
885 4038 1089 4124 primarium
1113 4039 1156 4105 ab
1182 4039 1227 4122 A,
1249 4041 1340 4122 quod
1362 4041 1406 4107 ad
1431 4040 1536 4126 signi·

394 4160 563 4226 ficandam
588 4160 733 4247 figuram
758 4161 906 4249 primam
925 4170 977 4228 est
1001 4171 1215 4251 occupatum.
1236 4164 1370 4229 Horum
1394 4166 1539 4231 elemen-

395 4292 509 4350 torum
525 4285 663 4371 singula
674 4286 874 4373 significant
886 4287 997 4374 primo
1014 4288 1154 4373 quidem
1165 4289 1371 4371 subiectum,
1389 4288 1537 4356 secundo

489 4468 502 4515 l
520 4466 639 4518 Jounsru
656 4468 742 4518 Bucar
756 4467 862 4518 Nonum
880 4467 902 4518 Θ
968 4469 999 4517 16
1016 4475 1151 4518 constant
1166 4469 1190 4518 G
