3414 5122
617 583 789 685 mun
835 582 983 684 euv.
1031 582 1171 685 ven
1493 542 1602 694 {aa

346 855 424 928 DE
479 855 980 932 ARCHITEOTVRA'
1015 855 1184 930 LIBRI
1238 854 1443 931 LVLLII

698 1026 1089 1105 COMMENTVM.

719 1782 881 1849 SEOTIO
916 1784 1078 1851 PRIMA.

735 2041 762 2088 Q.
778 2043 927 2093 propositum.
942 2041 1016 2093 caput
1032 2046 1050 2082 1.

417 2208 522 2275 Omni
537 2210 703 2276 sermonis
719 2209 899 2296 ampullati
916 2212 1071 2278 vanitate
1087 2213 1227 2296 reiecta,
1245 2211 1468 2296 dignissimae

328 2334 577 2401 architecturae
599 2335 859 2421 magisteriique
885 2337 1077 2423 praesentis
1100 2336 1251 2404 efficiens
1274 2336 1469 2402 universale

328 2466 432 2546 atque
450 2459 614 2547 primum,
632 2460 873 2548 particularem
893 2467 996 2547 atque
1015 2462 1211 2550 proximum
1227 2470 1401 2550 agentem,
1419 2483 1470 2526 se·

328 2584 479 2651 cundum
498 2586 610 2672 primo
622 2586 862 2673 disponentem
874 2587 1087 2653 materialem
1107 2610 1258 2673 causam,
1279 2587 1471 2654 considera-

263 2715 306 2779 10
328 2710 434 2777 tionis
453 2711 659 2796 subiectum,
679 2712 751 2778 eius
770 2711 918 2798 denique
937 2702 1084 2778 subiecti
1102 2719 1231 2800 partes,
1252 2712 1399 2779 formam
1419 2719 1468 2776 at-

329 2858 395 2922 que
414 2837 517 2902 finem
536 2836 696 2924 accipito.
780 2874 782 2876 ·

712 3098 739 3146 Q.
756 3099 856 3140 efficiens
871 3099 977 3150 primum.
993 3099 1048 3151 esp.
1064 3101 1085 3140 2.
1495 3084 1549 3148 ΒΥ

366 3248 368 3253 ⁴
418 3274 546 3342 Caussa
564 3275 714 3342 efficiens
733 3275 937 3342 universalis
956 3275 1041 3341 artis
1060 3275 1240 3342 Lullianae
1252 3284 1304 3342 est
1316 3276 1470 3343 intellec-

328 3408 384 3467 tus
408 3401 620 3467 extrinsecus
650 3422 768 3486 agens,
792 3400 884 3466 haud
912 3400 1013 3467 aliter
1040 3401 1084 3466 ad
1107 3401 1215 3489 ipsius
1240 3402 1366 3468 mentis
1394 3394 1466 3470 sese

263 3526 306 3591 15
328 3526 458 3593 habens
477 3526 756 3609 elucidationem,
780 3547 882 3610 quam
901 3527 1065 3592 diurnum
1080 3534 1212 3593 astrum
1237 3528 1348 3610 (cuius
1364 3529 1471 3596 admi-

329 3651 445 3718 niculo
478 3651 641 3717 videntur
671 3650 788 3717 omnia
812 3673 899 3736 quae
924 3650 1100 3735 videntur)
1124 3651 1167 3717 ad
1196 3653 1332 3719 oculum
1361 3660 1470 3720 exter·

329 3799 423 3843 num.
452 3777 566 3843 Huius
595 3798 697 3864 opere
723 3776 821 3864 prius
848 3774 1014 3842 facultate
1042 3782 1180 3842 tantum
1205 3777 1359 3844 visibilia
1387 3785 1467 3845 actu
1509 3808 1516 3814 ·

330 3902 521 3969 redduntur
552 3902 655 3987 talia,
691 3909 731 3968 ut
767 3902 848 3968 inde
882 3901 1049 3967 sensitiva
1081 3903 1241 3990 protinus
1282 3903 1470 3970 sollicitata

330 4011 477 4094 facultas
508 4026 677 4114 evigilans
696 4025 922 4110 informetur;
940 4027 1034 4094 illius
1059 4050 1160 4095 causa
1191 4029 1264 4114 (qui
1293 4052 1473 4116 nunquam

425 4344 438 4392 l
455 4342 472 4394 J
476 4358 537 4394 oue.
553 4343 642 4394 Bauru
655 4341 764 4395 Ncnsru
778 4342 803 4394 G
864 4342 880 4391 5
897 4342 943 4412 Q]
958 4342 1005 4408 qui
1021 4361 1033 4394 e
1049 4345 1116 4396 uelle
1131 4347 1248 4412 sequenti
1260 4347 1441 4399 iratilolczioui
1456 4347 1469 4397 ὲ

332 4422 516 4473 omcscoch
582 4424 611 4475 18
628 4424 760 4476 causat}
825 4425 854 4474 18
871 4425 1051 4476 redunturP
1115 4429 1144 4478 19
1160 4427 1337 4495 illiusqch
